3236 4894
750 250 789 306 57

153 459 316 515 strenuam
339 451 549 534 disciplinam,
579 455 738 531 virtutem,
768 457 873 538 legum
903 454 1137 519 observantiam
1159 453 1374 536 maximopere

154 557 336 634 laudantur,
360 579 424 640 qua
447 559 661 642 discrepantia
684 562 766 625 nihil
789 568 893 643 potest
915 581 981 624 esse
1004 559 1248 624 intolerabilius.
1273 558 1377 635 Quare

154 663 264 727 eodem
288 663 413 746 quidem
437 685 509 728 cum
532 666 664 748 reliquis
687 674 828 750 tempore
850 688 918 749 cap.
932 665 1009 730 XIV
1025 665 1066 729 ab
1082 666 1152 748 ipso
1168 664 1378 748 Xenophonte

154 790 223 832 esse
245 770 457 852 conscriptum
480 792 537 835 nos
560 771 680 836 Steinio
703 794 869 855 nunquam
891 771 1105 836 concedemus.

261 874 323 939 Sed
346 875 470 940 diversa
490 885 634 960 tempora
655 878 724 960 ipse
746 879 882 960 scriptor
898 878 983 942 clare
999 877 1128 940 indicat.
1167 876 1274 941 Verba
1295 877 1378 940 enim

155 1001 236 1063 quae
259 981 351 1044 initio
373 982 487 1064 capitis
517 983 682 1064 leguntur:
715 979 743 1046 εἰ
767 983 804 1047 δέ
825 980 876 1060 τίς
898 1005 938 1065 με
962 978 1067 1065 ἔροιτο
1090 978 1119 1046 εὶ
1143 981 1210 1045 καὶ
1233 980 1297 1046 νῦν
1319 977 1376 1046 ἔτι

152 1111 211 1168 μοι
241 1083 392 1150 δοκοῦσιν
426 1083 456 1151 oi
481 1081 674 1174 Λυκούργου
704 1081 797 1171 νόμοι
826 1078 972 1175 ἀκίνητοι
1002 1086 1172 1170 διαμένειν,
1207 1086 1302 1152 τοῦτο
1331 1079 1379 1169 μὰ

155 1181 218 1255 Δί’
244 1181 362 1276 οὔκ-ὂν
385 1189 441 1256 ἔτι
467 1192 619 1280 θρασέως
641 1190 771 1277 εἴποιμι
791 1216 894 1260 nonne
910 1195 1093 1278 posterioris
1124 1216 1190 1259 esse
1207 1193 1267 1258 hoo
1282 1203 1379 1277 caput

154 1299 304 1381 temporis
339 1299 506 1365 manifesto
541 1300 724 1367 declarant?
769 1303 851 1366 Nam
885 1322 956 1372 cum
988 1309 1082 1365 antea
1105 1303 1139 1363 in
1163 1299 1378 1364 describendis

154 1405 475 1470 Lacedaemoniorum
505 1409 646 1472 moribus
675 1417 772 1491 atque
801 1408 957 1472 institutis
981 1429 1044 1471 non
1068 1407 1172 1471 minus
1196 1428 1254 1470 sua
1276 1429 1372 1489 quam

152 1511 335 1593 antiquiora
358 1519 501 1594 tempora
525 1515 724 1596 spectaverit,
758 1514 818 1578 hoc
841 1515 919 1590 loc0,
941 1535 1012 1577 oum
1036 1514 1121 1577 dicat
1142 1503 1250 1577 ‘etiam
1273 1499 1377 1588 nuno',

153 1638 279 1682 necesse
309 1624 357 1680 est
379 1618 417 1682 de
440 1619 504 1682 alio
528 1621 665 1702 quodam
697 1642 754 1684 suo
778 1628 920 1702 tempore
942 1640 1042 1703 eoque
1066 1619 1241 1703 posteriore
1264 1619 1377 1700 loqua-

152 1731 215 1787 tur.
260 1723 396 1787 Etcum
419 1723 607 1806 profiteatur
634 1748 666 1789 se
688 1734 771 1791 stare
795 1724 933 1808 Lycurgi
963 1726 1048 1806 loges
1072 1746 1134 1788 non
1160 1726 1224 1788 iam
1247 1732 1377 1788 conten-

153 1829 228 1892 dere
243 1829 332 1904 velle,
355 1830 466 1912 ntique
489 1830 647 1912 significat
662 1853 695 1896 se
718 1832 906 1895 sententiam
929 1852 1025 1913 quam
1048 1838 1143 1894 antea
1163 1830 1379 1913 proposuisset

155 1955 249 2010 nuuc,
271 1935 291 1997 i.
314 1958 340 1998 e.
363 1935 423 1999 hoc
446 1937 619 2018 posteriore
642 1943 793 2020 tempore,
816 1938 996 2001 mutavisse.
1043 1935 1134 2012 Quod
1157 1936 1274 2000 nollem
1297 1935 1378 2000 Stei-

154 2040 227 2103 nius
256 2042 444 2120 negavisset.
490 2042 550 2105 llio
580 2043 674 2118 enim,
707 2051 744 2106 ut
772 2043 893 2106 scilicet
922 2042 1073 2125 quicquid
1104 2041 1278 2106 sententiae
1301 2062 1377 2106 suae

153 2147 280 2210 obstare
314 2147 459 2211 videatur
492 2149 585 2212 tollat
620 2157 715 2232 atque
750 2157 918 2225 removeat,
952 2150 1089 2212 alterum
1125 2143 1173 2211 ἔτι
1207 2169 1272 2212 nou
1306 2169 1377 2211 oum

152 2246 284 2334 εἴποιμι
315 2254 410 2318 verbo
444 2255 699 2337 coniungendum
734 2277 801 2319 esse
835 2256 890 2320 sed
925 2255 1117 2337 respondere
1147 2255 1194 2318 ait
1222 2254 1378 2336 superiori

153 2359 331 2440 particulae
354 2357 413 2438 viv,
443 2361 578 2444 ideoque
604 2361 645 2426 ad
668 2349 726 2424 oia
756 2349 795 2424 ἂν
818 2356 865 2424 ἔτι
890 2361 1067 2443 supplenda
1098 2381 1165 2424 esse
1187 2360 1283 2424 verba
1304 2351 1378 2436 τοὺς

153 2456 268 2546 νόμους
299 2453 466 2552 ἀκινήτους
489 2464 659 2548 διαμένειν.
706 2467 767 2532 Sed
789 2467 864 2530 licet
885 2465 945 2530 hoc
967 2465 1186 2540 subaudiatur,
1209 2471 1315 2529 tamen
1339 2465 1378 2530 de

154 2571 217 2634 alio
247 2571 385 2653 quodam
421 2594 477 2636 suo
514 2582 655 2655 tempore
692 2572 745 2636 hic
774 2593 900 2655 quoqne
931 2573 1124 2653 loqueretur,
1160 2571 1310 2653 qnoniam
1342 2573 1376 2633 in

153 2677 370 2759 superioribus
392 2678 566 2744 identidem
589 2680 783 2743 eontrarium
806 2676 1007 2759 significavit,
1030 2677 1126 2740 etiam
1150 2698 1206 2740 suo
1235 2685 1375 2759 temporo

159 2781 298 2866 Lycurgi
327 2784 411 2864 leges
433 2785 547 2850 valere.
594 2786 636 2849 At
661 2807 770 2850 revera
793 2784 874 2847 illud
897 2784 1151 2867 supplementum
1173 2803 1237 2845 non
1260 2783 1377 2846 admit-

154 2889 242 2953 titur.
287 2889 369 2953 Nam
398 2891 468 2973 ipsa
496 2913 592 2972 quam
626 2891 667 2955 ad
698 2878 755 2954 oia
791 2878 831 2953 dr
859 2887 907 2954 ἔτι
941 2890 1066 2973 supplet
1096 2889 1269 2963 sententia,
1303 2879 1377 2966 τοὺς

152 2986 269 3076 νόμους
299 2983 466 3082 ἀκινήτους
496 2994 671 3078 διαμένειν,
696 2997 882 3079 pronomine
910 2993 1009 3058 τοῦτο
1038 2996 1235 3078 exprimitur,
1259 2996 1377 3077 quippe

154 3101 242 3183 quod
264 3101 306 3165 ad
329 3123 398 3164 eam
422 3103 580 3185 respiciat.
621 3103 682 3168 Sed
705 3098 762 3178 ἔοι,
786 3111 823 3167 ut
845 3103 912 3184 ipse
934 3101 1102 3165 verborum
1126 3101 1204 3165 ordo
1228 3101 1376 3175 ostendit,

154 3213 282 3289 praeter
303 3229 427 3271 omnem
450 3208 679 3273 dubitationem
703 3208 956 3290 coniungendum
972 3212 1021 3271 est
1038 3229 1107 3271 cum
1124 3207 1218 3270 verbo
1232 3201 1373 3289 εἴποιμι,

155 3321 191 3377 ut
220 3313 299 3378 haec
327 3336 402 3378 vera
429 3315 472 3378 sit
500 3315 736 3397 interpretatio:
779 3304 819 3377 ‘si
850 3334 922 3378 vero
952 3313 1022 3395 quis
1057 3335 1106 3377 me
1134 3313 1378 3394 interrogaverit

156 3441 232 3482 num
263 3420 360 3484 etiam
394 3442 477 3485 nunc
507 3422 643 3504 Lycurgi
671 3421 756 3502 leges
785 3421 934 3484 immotae
965 3418 1043 3482 mihi
1064 3419 1180 3482 durare
1202 3419 1377 3494 videantur,

156 3526 217 3590 hoc
247 3526 402 3592 mehercle
433 3549 496 3590 non
535 3527 598 3592 iam
627 3526 820 3590 confidenter
849 3512 1084 3590 contenderim'
1116 3523 1204 3600 Quae
1232 3547 1303 3588 cum
1331 3526 1377 3588 ita

156 3633 230 3708 sint,
253 3632 313 3698 hoo
334 3635 397 3697 iam
414 3641 558 3698 constare
591 3633 692 3709 debet,
716 3641 747 3697 et
777 3639 964 3716 argumento
998 3631 1113 3714 capitis
1138 3629 1214 3694 XlV
1245 3639 1277 3694 et
1298 3630 1377 3713 ipsis

155 3739 260 3804 verbis
289 3740 367 3803 satis
390 3740 492 3804 multa
507 3740 661 3804 contineri
685 3740 804 3803 indicia
826 3739 910 3802 unde
933 3737 1027 3801 simul
1049 3759 1119 3801 cnm
1139 3736 1270 3818 reliquis
1286 3757 1376 3819 capp.

155 3845 215 3909 hoc
232 3866 295 3908 non
312 3866 379 3910 esse
396 3846 548 3928 scriptum
571 3853 680 3928 aperte
701 3847 831 3909 eluceat.

262 3951 331 4015 Iam
360 3953 525 4033 quaeritur
556 3960 664 4016 utrum
695 3952 822 4016 omnino
845 3949 1023 4032 Xenophon
1052 3970 1093 4012 an
1119 3948 1199 4013 alius
1223 3947 1294 4029 quis
1317 3948 1377 4012 hoc

154 4063 252 4141 caput
287 4058 511 4140 conscripsisse
539 4059 695 4121 videatur.
742 4058 846 4139 Atque
875 4055 935 4120 hoc
966 4055 1100 4120 alterum
1124 4053 1249 4136 quidem
1272 4053 1377 4117 minus

157 4171 205 4228 est
228 4165 292 4228 veri
316 4163 428 4227 simile.
474 4164 618 4247 Namque
641 4186 679 4228 ex
708 4163 791 4227 alius
823 4161 989 4225 cuiusdam
1011 4159 1178 4242 scriptoris
1201 4178 1295 4242 opere
1317 4159 1378 4222 hoo

157 4278 255 4354 caput
276 4269 498 4353 depromptum
522 4278 553 4335 et
576 4270 650 4334 huic
673 4269 781 4334 libello
804 4267 950 4332 additum
972 4287 1048 4341 esse,
1075 4266 1109 4329 id
1132 4265 1216 4352 quod
1240 4264 1379 4329 Diodor-
