3236 4894
731 281 771 339 35

231 491 375 554 Alterum
405 489 604 553 enuntiatum
639 509 709 552 oum
743 487 903 569 superiore
932 486 1014 550 male
1042 485 1253 567 coniungitur,
1288 507 1359 550 oum

139 618 312 680 pronomen
334 593 435 659 ταῦτα
458 617 521 678 quo
535 595 700 678 pertineat
722 614 786 657 nou
809 593 980 657 videamus.
1026 589 1170 657 Profecto
1194 591 1279 675 quod
1302 613 1359 656 rex

138 725 249 768 omues
272 709 422 766 convocat
445 709 476 766 et
498 723 580 784 quae
602 698 795 784 praestanda
819 699 883 762 sint
905 699 1041 780 imperat
1068 699 1174 762 minus
1197 699 1360 763 admiran-

139 810 217 873 dum
240 815 288 872 est
310 829 405 890 quam
428 815 464 871 ut
476 813 645 890 propterea
662 805 811 889 Spartani
828 812 980 886 tanquam
996 803 1134 869 artifices
1149 805 1196 869 rei
1211 805 1359 869 militaris

139 914 370 980 collaudentur.
417 913 526 995 Neque
549 933 621 976 vero
645 911 795 994 Spartani
817 911 878 974 hoc
900 931 986 976 more
1009 932 1029 974 a
1051 918 1226 976 ceterarum
1249 911 1360 976 civita-

140 1031 209 1085 tum
232 1021 317 1085 bella
340 1018 469 1100 gerendi
492 1018 614 1082 ratione
637 1024 802 1101 tantopere
819 1015 1015 1080 differebant.
1059 1016 1128 1080 Nisi
1144 1017 1225 1081 sorte
1241 1025 1360 1083 ceteros

143 1126 260 1190 milites
293 1126 383 1189 nulla
417 1125 573 1207 accepisse
607 1144 627 1186 a
661 1123 738 1187 duce
771 1123 904 1204 imperia
938 1128 970 1186 et
1003 1144 1059 1186 suo
1088 1122 1248 1187 arbitratu
1275 1123 1360 1189 bella

145 1233 279 1314 gessisse
301 1231 472 1314 putareris.
510 1230 553 1294 Et
575 1250 614 1293 ne
643 1230 688 1293 sic
710 1229 836 1311 quidem
859 1225 961 1291 ταῦτα
984 1228 1142 1312 explicare
1164 1228 1239 1294 licet
1260 1236 1297 1294 nt
1319 1231 1362 1294 ad

95 1351 99 1356 '
145 1361 184 1404 ea
218 1359 299 1420 quae
332 1337 370 1402 de
405 1337 503 1400 sacris
533 1334 685 1399 faciendis
713 1353 809 1416 supra
840 1333 990 1398 dicuutur
1012 1333 1185 1412 referatnr3
1225 1357 1362 1418 namque

141 1465 304 1509 sacrorum
328 1443 531 1508 observantia
555 1463 657 1523 neque
680 1463 699 1504 a
723 1439 990 1505 ceterisducibus
1013 1440 1239 1522 neglegebatur
1260 1463 1362 1524 neque

54 1614 58 1619 .
142 1557 217 1632 apte
239 1550 272 1612 in
295 1549 458 1631 pugnandi
481 1555 549 1612 arte
572 1553 767 1611 numeratur.
810 1547 925 1629 Itaque
949 1545 1125 1631 cobetus1)
1156 1547 1272 1612 omissa
1295 1569 1363 1613 esse

150 1655 307 1736 quaedam
338 1655 514 1717 arbitratur
537 1659 718 1735 comparato
741 1653 810 1717 loco
834 1653 930 1716 Thuc.
955 1652 983 1715 V
1008 1659 1058 1728 66,
1083 1660 1187 1729 3-4,
1215 1653 1363 1736 ubilegi-

146 1781 215 1823 mus
238 1757 332 1823 haec:
363 1755 524 1840 βασιλέως
547 1749 606 1842 γὰρ
628 1744 762 1842 άγοντος
784 1746 840 1820 ὑπ)
868 1753 990 1822 ἐκείνου
1012 1749 1121 1821 πάντα
1147 1746 1282 1844 ”ρχεται,
1307 1760 1364 1823 καὶ

144 1867 215 1940 τοῖς
236 1861 296 1946 μὲν
319 1856 536 1949 πολεμάρχοις
559 1851 653 1940 αι’τὸς
676 1855 790 1950 φράζει
817 1855 854 1926 τὸ
877 1863 959 1941 λέον,
997 1858 1027 1927 oi
1052 1860 1088 1928 δὲ
1110 1867 1181 1942 τοῖς
1202 1865 1362 1950 λοχαγοῖς,

147 1969 263 2034 ἐκεῖνοι
291 1967 328 2033 δὲ
357 1973 428 2046 τοῖς
450 1966 726 2056 πεντηκοντῆρσιν,
751 1954 851 2045 αὖθις
874 1957 902 2032 d'
928 1951 1016 2033 οὗτοι
1038 1974 1108 2047 τοῖς
1131 1963 1364 2056 ἐνιομοτάρχοις

144 2076 201 2140 καὶ
233 2058 322 2140 οὗτοι
350 2073 389 2161 τῇ
422 2070 601 2160 ἐνωμοτία·
648 2073 704 2137 καὶ
728 2069 761 2138 αἶ
785 2073 1030 2160 παραγγέλσεις,
1062 2063 1099 2162 ἦν
1120 2101 1153 2139 τι
1174 2069 1363 2160 βοάλιονται,
1412 2105 1416 2110 ·

145 2173 285 2246 κατὰτὰ
301 2169 382 2245 αὐτὰ
403 2178 541 2266 χωροῦσι
564 2179 620 2243 καὶ
642 2184 766 2261 ταχεῖαι
791 2177 997 2266 ἐπέρχονται·
1028 2173 1140 2264 σχεδὸν
1162 2174 1221 2268 γάρ
1243 2207 1276 2246 τι
1299 2182 1368 2247 πᾶν
1435 2253 1438 2262 Δ

146 2281 231 2374 πλὴν
254 2275 361 2372 ὀλίγον
383 2278 421 2349 τὸ
444 2278 664 2372 στρατόπεδον
678 2285 742 2350 τῶν
757 2283 1033 2369 Λακεδαιμονίων
1047 2274 1194 2372 άρχοντες
1208 2277 1368 2375 άρχάντιον

147 2388 212 2457 εἶσὶ
243 2391 299 2456 καὶ
328 2385 366 2455 τὸ
398 2390 552 2474 ἐπιμελὲς
579 2389 635 2455 τοῦ
663 2389 824 2477 δρωμένου
854 2393 991 2469 πολλοῖς
1021 2386 1188 2480 προσήκει.
1236 2396 1297 2461 Sed
1327 2418 1367 2462 ne

147 2499 357 2564 assentiamur
382 2497 500 2564 Cobeto
531 2497 677 2561 nonnihil
707 2498 831 2561 videtur
863 2497 997 2562 obstare.
1043 2499 1155 2563 Elucet
1178 2501 1262 2564 euim
1285 2525 1367 2585 quae

147 2606 234 2689 apud
257 2604 472 2688 Thucydidem
495 2605 642 2686 legantur
665 2603 707 2667 ad
730 2625 869 2686 pugnam
892 2603 1060 2686 pertinere,
1084 2605 1143 2668 hoc
1167 2611 1274 2671 autem
1297 2608 1366 2672 loco

148 2713 187 2776 de
217 2713 315 2776 sacris
347 2711 400 2792 agi
431 2732 512 2792 quae
540 2711 574 2774 iu
604 2708 690 2774 omui
722 2710 923 2791 expeditione
945 2707 1066 2774 fiebant
1096 2709 1147 2793 (cf.
1171 2715 1190 2792 ξ
1214 2721 1232 2776 3
1257 2703 1308 2775 άεὶ
1331 2712 1368 2777 δὲ

147 2808 224 2881 ὅταν
253 2809 374 2903 «lipom
396 2839 425 2880 κ.
450 2840 478 2879 τ.
501 2815 540 2893 λ,
570 2819 632 2897 §4
656 2807 793 2902 πάρεισι
822 2812 859 2879 δὲ
890 2814 969 2900 περὶ
1000 2815 1057 2902 τὴν
1079 2812 1200 2880 θυσίαν
1222 2841 1251 2881 κ.
1276 2841 1303 2881 τ.
1327 2819 1366 2897 λ,

147 2928 199 3004 §5
224 2911 300 2986 ὅταν
323 2919 360 2985 δὲ
390 2918 530 3008 τελεσθῇ
558 2913 598 2984 τά
622 2913 690 3007 ἱερά
713 2945 743 2985 n.
767 2945 795 2985 τ.
819 2920 864 3006 λ.)
896 2928 992 3003 atque
1024 2922 1063 2985 de
1092 2923 1255 3006 imperatis
1287 2947 1369 3008 quae

149 3044 205 3093 rex
237 3035 308 3111 post
331 3025 487 3092 sacrificia
511 3026 694 3092 mandabat.
717 3029 763 3091 De
784 3029 855 3110 ipsa
877 3035 984 3091 autem
1007 3050 1114 3110 pugna
1137 3029 1221 3094 infra
1244 3031 1369 3095 demum

149 3138 169 3213 ξ
187 3141 204 3194 6
230 3132 333 3196 verbis
356 3121 393 3218 ἢν
416 3129 452 3196 de‘
473 3155 555 3196 ποτε
576 3124 679 3220 μάχην
698 3127 828 3197 οἴωνται
846 3129 985 3197 ἔσεσθαι
997 3157 1026 3196 κ.
1040 3158 1067 3198 τ.
1081 3133 1108 3198 λ.
1129 3137 1264 3219 scriptor
1280 3138 1369 3222 loqui

151 3238 272 3320 incipit.
318 3237 447 3313 Deinde,
477 3238 505 3301 si
529 3238 637 3320 qualia
659 3240 728 3304 vult
750 3239 887 3304 Cobetus
909 3239 1062 3304 excidisse
1086 3246 1250 3319 statueres
1273 3243 1370 3308 verba

150 3341 380 3428 προσκαλέσας
402 3333 529 3419 πάντας
550 3365 614 3407 non
636 3344 903 3428 intellegerentur.
932 3344 1159 3427 significantur
1182 3348 1249 3412 sine
1262 3349 1369 3414 ¹dubio

150 3469 225 3514 voce
248 3440 375 3525 πάντας
398 3450 588 3533 quicumque
604 3449 661 3513 sub
678 3471 750 3530 rege
767 3458 841 3515 sunt
857 3451 950 3516 duces
968 3473 1065 3534 supra
1081 3452 1114 3536 (ξ
1127 3451 1162 3537 4)
1185 3449 1370 3519 commemo-

149 3555 222 3618 rati.
267 3555 386 3619 Iamsi
411 3576 519 3620 omues
543 3556 637 3621 duces
658 3556 744 3638 apud
767 3577 871 3638 regem
892 3559 1075 3640 congregati
1099 3543 1182 3635 snut,
1206 3559 1284 3642 quid
1305 3561 1370 3624 iam

148 3681 229 3743 opus
252 3668 300 3726 est
322 3661 379 3725 illa
402 3683 497 3744 quam
522 3662 720 3746 Thucydides
751 3661 847 3726 refert
868 3664 992 3729 ratione
1015 3663 1170 3747 imperata
1194 3667 1369 3729 commuui-

149 3766 265 3830 candi?
287 3766 412 3831 Scilicet
436 3773 510 3832 ante
531 3788 671 3850 pugnarn
693 3776 724 3832 et
743 3770 814 3851 ipsa
830 3769 985 3851 inpugna
999 3769 1054 3833 illo
1068 3769 1159 3835 modo
1173 3770 1255 3852 regis
1271 3771 1372 3854 impe·

150 3877 223 3936 rata
245 3872 379 3953 singulis
395 3873 647 3937 acclamarentur
664 3895 788 3938 necesse
809 3881 886 3950 erat,
907 3875 1059 3956 quoniam
1074 3895 1246 3940 convocare
1263 3898 1371 3941 omnes

149 3998 207 4060 per
229 3982 353 4059 tempus
368 3997 433 4041 nou
456 3977 581 4042 licebat.
629 3979 672 4042 At
693 3978 752 4043 hoc
774 3979 844 4042 loco
866 4000 930 4042 nou
951 3980 990 4043 de
1013 4000 1130 4062 pugna,
1159 3986 1195 4044 ut
1218 3981 1294 4058 dixi,
1317 3983 1372 4046 sed

152 4082 192 4146 de
214 4082 311 4147 sacris
336 4103 436 4147 sermo
461 4089 508 4147 est
532 4105 614 4166 quae
636 4084 669 4148 iu
693 4085 806 4148 itinere
829 4085 984 4150 exercitus
1007 4084 1077 4150 fieri
1101 4086 1254 4151 solebant.
1285 4086 1373 4165 Quae

243 4314 262 4382 1)
281 4313 310 4365 L.
331 4329 352 4366 c.
371 4329 395 4380 p.
417 4315 475 4368 735.
