3236 4894
816 175 884 256 'er

247 401 288 467 ad
320 404 475 488 reliquam
506 405 544 470 de
575 405 714 470 moribus
747 413 777 470 et
804 409 957 472 institutis
981 407 1301 473 Lacedaemoniorum
1326 411 1469 494 disputa-

246 513 373 576 tionem.
419 511 478 575 Sed
509 533 571 574 non
601 514 647 576 ita
679 518 734 575 est.
780 511 977 594 Cyropaedia
1007 515 1088 577 enim
1118 518 1286 596 exponitur
1311 519 1469 599 quomodo

245 638 301 682 rex
336 618 506 700 praeclaris
539 617 702 700 praeditus
734 617 904 682 virtutibus
941 621 1107 701 imperinm
1143 623 1285 702 quamvis
1317 645 1468 704 magnum

244 721 337 788 facile
348 744 456 805 regere
471 726 563 788 sciat:
580 725 704 806 epilogo
720 724 833 789 Persae
848 725 888 788 ob
903 733 1068 807 corruptos
1086 724 1344 810 effeminatosque
1357 751 1461 794 mores

245 832 384 910 graviter
407 832 634 912 vituperantur.
681 828 768 906 Quae
791 839 985 911 argumenta,
1009 832 1158 914 quioquid
1175 833 1340 898 Iliehlerns
1360 835 1471 918 dispu-

245 937 334 1010 tavit,
358 937 485 999 minime
508 939 590 1000 inter
611 958 644 1000 se
666 936 851 1004 referuntur.
891 935 973 1000 Nam
994 947 1161 1019 postquam
1186 938 1286 1021 Cyrus
1309 962 1365 1003 rex
1388 943 1471 1006 cele-

245 1039 355 1106 bratus
379 1049 434 1116 est,
458 1044 511 1124 qni
535 1063 592 1106 sua
617 1043 740 1118 virtute,
764 1042 969 1117 humanitate,
992 1030 1121 1107 consilio
1137 1045 1288 1126 populum
1305 1045 1470 1111 fortiorem

244 1147 468 1230 melioremque
496 1148 693 1223 reddidisset,
723 1147 847 1230 epilogo
871 1151 1029 1230 segnities,
1059 1149 1193 1223 luxuria,
1223 1153 1368 1234 impietas
1391 1154 1470 1216 Per-

244 1274 350 1322 sarum
386 1253 427 1316 ad
456 1275 564 1336 regum
594 1255 770 1336 exemplum
799 1255 977 1324 revocanda
1006 1263 1083 1330 erat,
1120 1256 1203 1337 qnod
1226 1259 1265 1337 ἐξ
1292 1267 1374 1321 1-6
1398 1261 1468 1323 eins

245 1361 380 1442 scriptor
414 1381 489 1424 sane
522 1361 643 1441 tetigit,
681 1359 794 1426 deinde
832 1381 905 1424 vero
943 1363 1160 1443 imprimisque
1197 1365 1229 1426 in
1267 1367 1472 1446 peroratione

243 1466 278 1548 (ξ
291 1465 348 1550 27)
371 1466 464 1548 plane
487 1466 641 1546 neglexit3
666 1465 747 1528 idem
764 1468 790 1530 si
807 1467 848 1530 ad
865 1467 1094 1548 Cyropaediam
1119 1489 1175 1530 sna
1198 1475 1272 1550 apte
1292 1489 1470 1533 accommo-

244 1571 360 1645 dasset,
391 1592 512 1636 morum
542 1571 737 1635 Persicorum
767 1573 1027 1653 vituperationem
1060 1572 1133 1636 inde
1162 1581 1302 1654 repetere
1331 1575 1470 1640 debebat

243 1676 327 1758 qnod
358 1697 446 1758 reges
475 1679 528 1760 qni
558 1677 709 1760 populum
736 1699 825 1741 snum
855 1677 1046 1758 degenerare
1069 1681 1208 1742 sinerent
1231 1679 1273 1742 ad
1299 1682 1470 1763 imperinm

242 1782 527 1848 administrandum
558 1783 662 1847 idonei
694 1804 756 1846 nort
786 1791 897 1847 essent.
943 1783 1003 1848 Sed
1026 1783 1109 1846 hauc
1132 1788 1318 1848 sententiam
1343 1788 1375 1849 in
1400 1789 1472 1868 epi-

243 1889 316 1971 logo
339 1889 439 1954 latere
463 1888 628 1954 Eichlerns
649 1896 765 1953 temere
788 1890 950 1953 contendit
963 1889 996 1970 1).

333 1994 454 2060 Contra
476 1995 576 2058 libelli
600 1994 638 2059 de
660 2017 725 2076 rep.
748 1994 821 2058 Lac.
845 2000 941 2076 caput
964 1993 1040 2058 XIV
1064 1995 1111 2058 ita
1134 2017 1205 2058 curn
1227 1995 1349 2078 reliquo
1371 2018 1470 2078 argu-

242 2106 349 2165 mento
372 2101 517 2164 convenit
547 2106 582 2164 ut
610 2101 730 2182 pariter
759 2107 855 2182 atque
885 2100 965 2163 illud
993 2101 1034 2164 ad
1066 2092 1307 2186 discerpat-praa
1335 2101 1471 2184 Sparta-

243 2228 356 2271 norum
378 2207 545 2288 pertineat.
598 2205 679 2270 Nam
708 2206 827 2269 indicia
850 2206 978 2287 quidem
1008 2208 1170 2270 contraria
1193 2214 1281 2282 sunt,
1310 2209 1364 2270 sed
1394 2211 1469 2290 pari

243 2313 366 2377 ratione
387 2312 471 2375 inter
500 2333 533 2376 se
555 2311 740 2375 referuntur.
797 2311 910 2393 Itaque
939 2333 1002 2375 non
1031 2313 1145 2375 mirum
1174 2319 1222 2377 est
1252 2313 1338 2394 quod
1360 2313 1469 2377 Xeno·
1505 2304 1506 2308 ¹

243 2417 354 2501 phonti
380 2417 539 2500 epilogum
563 2418 778 2500 Cyropaediae
801 2398 993 2482 confidenter
1016 2417 1253 2492 abiudicamus‚
1277 2417 1365 2501 Reip.
1390 2419 1466 2483 Lac.

242 2531 338 2607 caput
367 2523 444 2588 XIV
473 2523 657 2588 abiudicare
685 2545 747 2586 non
776 2524 938 2587 audemus.
989 2523 1115 2588 Etenim
1147 2545 1229 2606 quae
1263 2523 1337 2586 huic
1366 2525 1468 2606 capiti

242 2653 313 2696 cum
333 2632 464 2714 reliquis
488 2653 578 2713 capp.
600 2630 800 2694 intercedunt
816 2630 1047 2711 discrepantiae
1070 2630 1117 2692 ita
1139 2629 1287 2693 videntur
1311 2621 1477 2712 explicari

241 2760 331 2820 posse
355 2745 391 2802 ut
413 2738 550 2819 scriptor
580 2736 647 2818 ipse
670 2736 858 2799 sententiam
888 2729 1175 2800 suam'mutaverit
1202 2743 1298 2818 atque
1321 2757 1468 2800 correxe-

240 2844 298 2919 rit3
331 2850 441 2907 contra
474 2840 689 2924 Cyropaediae
725 2841 867 2923 epilogus
901 2863 965 2904 ison
996 2842 1042 2904 ita
1077 2841 1118 2904 ad
1149 2842 1307 2924 reliquum
1341 2847 1469 2923 spectat

240 2971 319 3031 opus
343 2956 379 3012 ut
401 2949 484 3012 idem
509 2947 548 3010 de
571 2969 607 3010 eo
631 2945 791 3011 affirmare
813 2947 916 3012 liceat.

328 3055 442 3137 ltaque
464 3053 591 3118 libellus
615 3053 670 3135 qui
694 3049 970 3134 Λακεδαιμονίων
992 3048 1145 3115 πολιτεία
1168 3051 1353 3116 inscribitur
1375 3057 1467 3116 totus

240 3160 460 3243 Xenophontis
490 3160 614 3224 videtur
644 3181 727 3233 esse,
758 3159 813 3222 sed
843 3158 969 3240 qualem
1000 3157 1153 3222 habemus
1182 3180 1222 3222 ex
1249 3158 1403 3222 dissoluto
1433 3167 1468 3222 et

240 3268 390 3332 lacunoso
425 3266 599 3349 exemplari
630 3266 806 3347 descriptus
838 3272 933 3346 atque
963 3265 1169 3346 compositus;
1205 3286 1272 3346 cap.
1296 3264 1372 3344 XIV
1395 3271 1467 3327 tam

241 3374 407 3456 antiquum
436 3378 540 3436 estut
571 3371 612 3435 ab
637 3372 705 3452 ipso
728 3371 938 3453 Xenophonte
962 3371 1056 3433 scribi
1090 3370 1245 3452 potnerit,
1276 3389 1344 3434 oum
1369 3390 1467 3451 expe-

240 3480 359 3544 rientia
388 3479 517 3542 edoctus
545 3477 690 3560 'Lycurgi
724 3478 808 3558 leges
843 3477 947 3540 rninus
978 3476 1083 3540 valere
1112 3475 1308 3557 cognovisset
1317 3500 1326 3552 ;
1360 3495 1467 3556 neque

239 3595 345 3652 tamen
376 3586 443 3667 ipse
471 3583 553 3647 illud
581 3583 702 3665 reliquo
736 3583 842 3652 libello
874 3582 1033 3646 adiectum
1064 3582 1179 3657 edidit,
1209 3581 1264 3646 sed
1294 3587 1366 3663 post
1394 3580 1467 3688 eins

240 3698 372 3756 mortem
396 3689 521 3754 demum
544 3689 706 3753 inventum
730 3694 853 3752 etcum
877 3689 933 3752 illo
959 3687 1156 3770 publicatum
1179 3695 1234 3751 est.
