3236 4894
858 254 896 311 18

263 461 348 526 Haec
377 460 441 534 ille,
479 480 561 543 quae
592 456 731 524 Sicinius
762 479 972 541 praepropere
1008 479 1138 524 assensu
1170 478 1227 522 suo
1256 455 1486 539 comprobavit.

263 566 381 632 Omitto
412 566 451 630 de
481 564 551 648 ipsa
574 563 689 647 Sparta
712 564 791 628 urbe
814 560 871 649 (ἐν
894 560 930 626 δὲ
952 560 991 650 τῇ
1015 554 1149 649 Σπάρτη
1173 561 1304 645 dicitur)
1327 561 1388 626 hoc
1412 560 1487 627 loco

262 692 437 738 sermonem
468 691 544 745 esse,
579 669 660 733 illud
683 668 768 752 quod
791 667 913 735 confert
934 668 1142 734 Naumannus
1165 674 1256 732 extra
1279 665 1390 732 urbem
1413 688 1486 732 esse

261 778 381 844 factum
404 781 493 862 (uam
515 775 648 840 forsitan
672 775 774 857 possit
796 795 813 838 e
835 774 939 839 verbis
963 771 997 837 ἐν
1019 772 1055 838 δὲ
1075 772 1113 861 τῇ
1132 764 1265 859 Σπάρτη
1281 773 1369 838 notio
1386 772 1487 857 Spar-

263 892 411 949 tanorum
444 883 479 945 in
513 881 695 944 universum
723 879 919 964 subaudiri);
957 879 1012 944 sed
1046 879 1106 944 hoc
1135 886 1219 944 certe
1248 878 1415 954 concedes,
1445 879 1486 944 dc

262 987 484 1073 Spartanis
513 987 698 1070 scriptorem
727 985 816 1068 loqui
842 986 976 1068 ideoque
1004 985 1108 1050 rerbis
1136 975 1210 1061 τοῖς
1232 970 1348 1061 ι’ίλλους
1378 1005 1482 1049 neces-

264 1095 348 1160 sario
377 1101 496 1158 ceteros
527 1093 561 1178 (i.
586 1114 612 1159 e.
644 1098 771 1175 praeter
798 1091 1048 1176 potentissimos)
1072 1091 1154 1156 cives
1183 1090 1358 1173 Spartanos
1381 1089 1477 1172 desig-

263 1201 344 1266 nari.
389 1199 473 1264 Num
497 1205 602 1263 tamen
631 1198 763 1281 eosqui
795 1197 830 1261 in
853 1197 936 1262 Hell.
961 1197 1006 1262 IV
1032 1205 1061 1273 2,
1086 1203 1104 1259 2
1127 1196 1278 1261 dicuntur
1300 1196 1482 1280 Agesilaum

265 1328 303 1372 ex
324 1305 404 1372 Asia
426 1306 596 1371 abeuntem
619 1305 708 1387 sequi
731 1303 868 1368 voluisse
891 1303 1066 1386 Spartanos
1089 1303 1138 1368 vel
1161 1302 1258 1368 etiam
1273 1301 1486 1367 Lacedaemo·

265 1413 335 1476 nios
358 1410 455 1476 fuisse
478 1412 608 1476 censes?
654 1409 831 1474 Audiamus
854 1429 936 1492 quae
958 1409 1026 1474 illic
1049 1415 1238 1473 narrantur:
1262 1398 1279 1472 d
1301 1406 1338 1472 os*
1353 1395 1486 1494 Ἀγησί-

263 1517 351 1595 λαος,
379 1513 455 1580 ἐπεὶ
478 1501 602 1603 ἤκουσε,
627 1512 779 1595 χαλεπῶς
799 1511 859 1596 μὲν
880 1502 1016 1602 ἤνεγκεν,
1035 1503 1214 1596 ...stipor
1235 1511 1271 1578 δὲ
1288 1511 1488 1598 ξυγκαλέσας

263 1614 337 1700 τοὺς
365 1613 547 1704 ξυμμάχους
575 1612 715 1708 Adplicor
737 1611 777 1684 τα
806 1610 872 1684 ὑπὸ
894 1618 950 1708 τῆς
972 1612 1100 1697 πόλεως
1122 1611 1407 1706 παραγγελλόμενα
1428 1619 1487 1683 καὶ

263 1719 355 1792 εἶπεν
387 1716 438 1792 ὅτι
470 1715 646 1812 ἆναγκαῖον
677 1720 725 1813 εῖη
754 1729 891 1812 βοηθεῖν
919 1724 959 1813 τῇ
991 1721 1144 1812 πατρίδι·
1169 1717 1224 1790 ἐὰν
1244 1722 1356 1808 μέντοι
1379 1721 1489 1790 ἐκεῖνα

265 1831 374 1911 καλῶς
396 1829 533 1920 γένηται,
558 1818 592 1896 εὖ
614 1828 811 1911 ἐπίστασθε,
837 1827 908 1921 App,
933 1818 959 1896 cd
982 1817 1094 1917 ῖίνιλρες
1116 1823 1284 1914 ξίμμαχοι,
1309 1819 1359 1894 ὅτι
1383 1819 1419 1895 οὗ
1442 1823 1488 1919 μὴ

267 1931 485 2022 ἐπιλάθωμαι
500 1928 596 2020 ὑμῶν,
622 1926 703 2002 illd
723 1929 824 2002 πάλιν
839 1937 1027 2024 παρέσομαι
1043 1929 1176 2024 πράξων
1191 1920 1234 2002 ὧν
1249 1927 1340 2020 ὑμεῖς
1361 1936 1484 2002 δεῖσθε.

266 2035 461 2122 ἀκούσαντες
492 2042 528 2107 δὲ
552 2041 652 2108 rubroc
674 2041 793 2108 πολλοὶ
815 2041 875 2126 μὲν
897 2035 1082 2129 ἐδάκρυσαν,
1106 2035 1226 2120 πάντες
1248 2031 1485 2131 δ’ἑιβηιγίσαντο

265 2153 403 2239 βοηθεῖν
435 2137 504 2232 μετ’
531 2137 726 2236 Ἀγησιλάου
758 2145 798 2235 τῇ
831 2145 1083 2231 Λακεδαίμονι·
1121 2144 1150 2213 εἰ
1185 2147 1221 2212 δὲ
1255 2147 1363 2226 καλῶς
1395 2137 1485 2214 coiret

208 2307 212 2316 ,
267 2253 401 2342 γένοιτο,
432 2245 584 2337 λαβόντες
612 2241 707 2317 αὗυὸν
736 2246 838 2318 πάλιν
860 2244 948 2341 ἥκειν
973 2251 1007 2331 ἒς
1026 2245 1082 2342 τὴν
1096 2242 1219 2318 Ἀσίαν.
1232 2255 1258 2338 ¹)
1302 2254 1405 2321 Socios
1425 2276 1481 2336 ap-

266 2362 367 2446 pellat
395 2361 562 2442 Agesilaus
596 2381 649 2425 eos
683 2382 762 2443 quos
796 2361 989 2437 convocavit,
1023 2360 1166 2446 promitti
1216 2382 1249 2426 se
1283 2381 1388 2426 eorum
1416 2377 1481 2422 non

268 2467 443 2533 obliturum
471 2489 547 2543 esse,
581 2467 637 2532 sed
665 2487 825 2531 reversum
849 2466 882 2530 id
906 2467 992 2550 quod
1014 2489 1034 2531 a
1057 2487 1090 2532 se
1112 2473 1225 2550 petant
1247 2473 1484 2540 exsecuturum3

267 2581 364 2657 atque
393 2573 441 2637 illi
473 2573 600 2655 quidem
630 2573 828 2637 constituunt
858 2595 929 2636 cum
952 2573 1101 2654 Agesilao
1124 2593 1306 2637 succurrere
1329 2570 1486 2637 Lacedae-

267 2680 362 2744 moni.
409 2678 493 2755 Quid
515 2685 621 2761 potest
642 2678 759 2742 clarius
783 2677 868 2741 dici?
913 2678 951 2741 In
979 2678 1148 2762 propatulo
1171 2685 1219 2744 est
1241 2700 1304 2743 non
1328 2676 1487 2743 Lacedae·

267 2785 400 2861 monice,
422 2783 536 2848 nedum
559 2783 737 2866 Spartiatas
759 2784 832 2847 illos
852 2782 949 2848 fuisse
971 2783 1025 2848 sed
1048 2784 1148 2849 socios
1171 2806 1210 2848 ex
1234 2783 1328 2849 Asiae
1351 2783 1489 2847 urbibus

267 2892 423 2966 collectos
455 2910 535 2974 quas
559 2890 705 2971 Agesilao
737 2893 903 2972 plerosque
932 2890 1049 2954 milites
1069 2891 1288 2974 imprimisque
1309 2889 1489 2972 equitatum

267 2997 464 3080 praestitisse
498 2995 532 3059 in
564 2994 645 3060 Hell.
676 2995 724 3059 III
747 2984 840 3072 4‚'1r
871 3001 903 3061 et
934 3002 973 3060 15
997 2996 1144 3078 legimus.
1189 2997 1237 3061 De
1270 2995 1348 3078 ipsis
1382 3001 1489 3059 autem

267 3101 526 3167 Lacedaemoniis
550 3101 605 3184 qui
628 3101 711 3166 inter
734 3102 875 3184 Agesilai
898 3109 989 3167 eraut
1010 3103 1128 3168 milites
1150 3102 1231 3166 nihil
1253 3103 1310 3167 illo
1325 3102 1392 3165 loco
1408 3099 1488 3164 dici·

267 3217 330 3274 tur.
376 3207 544 3272 Enimvero
568 3207 636 3285 hos,
659 3209 777 3291 quippe
801 3209 856 3290 qui
879 3215 916 3272 ut
937 3208 1053 3274 milites
1077 3207 1224 3274 omnibus
1247 3208 1281 3272 iu
1304 3206 1398 3273 rebus
1419 3206 1487 3287 regi

270 3335 326 3379 suo
350 3313 546 3390 oboedirent,
570 3314 659 3378 iussu
676 3313 765 3378 ducis
788 3314 822 3377 in
846 3313 1013 3402 Graeciam
1032 3315 1147 3379 reverti
1164 3320 1293 3398 paratos
1310 3313 1407 3378 fuisse
1422 3317 1484 3376 tam

270 3426 318 3485 est
341 3425 587 3484 consentaneum
610 3425 646 3482 ut
668 3418 849 3483 mirandum
872 3420 978 3503 potius
1001 3421 1091 3497 foret,
1122 3421 1149 3484 si
1173 3414 1309 3502 scripto'r
1332 3440 1370 3484 ea
1393 3419 1486 3482 dere

270 3525 440 3610 quicquam
464 3531 745 3591 commemorasset.
790 3526 896 3609 Atque
919 3526 1046 3590 omnino
1070 3527 1109 3590 de
1130 3526 1287 3591 militibus
1303 3525 1487 3609 scriptorem

269 3632 330 3696 hoc
358 3653 452 3714 quem
483 3638 656 3697 tractamus
679 3631 748 3695 loco
770 3631 958 3713 cogitavisse
980 3653 1140 3713 negamus,
1164 3631 1315 3715 quoniam
1338 3637 1370 3697 et
1391 3630 1488 3713 Spar-

268 3744 417 3802 tanorum
447 3744 478 3802 et
508 3743 684 3802 ceterarum
716 3736 881 3802 civitatum
910 3738 1027 3804 milites
1057 3737 1227 3821 disciplina
1257 3736 1402 3803 obstricti
1424 3756 1489 3799 non

268 3850 335 3908 tam
366 3843 504 3908 civitatis
535 3865 632 3926 quam
664 3842 754 3907 ducis
782 3844 915 3928 imperia
946 3842 1170 3928 sequebantur.
1213 3843 1274 3909 Sed
1296 3844 1367 3927 ipsa
1389 3841 1490 3924 scrip-

360 4020 380 4088 1)
409 4020 530 4073 Ceterum
559 4019 694 4088 plerosque
721 4018 800 4072 huius
827 4019 949 4088 promissi
976 4019 1068 4073 statim
1095 4020 1233 4088 paenituit.
1271 4020 1311 4076 cf.
1339 4018 1403 4072 ibid.
1422 4019 1438 4085 ξ
1457 4018 1489 4072 3:

269 4101 348 4162 αὐτὸς
366 4106 396 4160 δὲ
414 4101 439 4173 (ὁ
454 4101 626 4179 Ἀγησίλαος),
647 4101 717 4178 ιλριῦν
735 4100 777 4160 ὅτι
796 4107 823 4160 οἱ
845 4106 938 4161 πολλοί
956 4107 1012 4159 τῶν
1031 4108 1206 4178 στρατιωτῶν
1223 4115 1315 4177 με’νειν
1334 4104 1490 4176 ἐπεθύμουν

268 4193 371 4263 μᾶλλον
396 4190 412 4262 ἢ
432 4189 473 4266 ἐφ’
487 4189 616 4261 Ἕλληνας
641 4192 849 4266 στρατεύεσθαι,
873 4192 1035 4264 βουλόμενος
1053 4191 1088 4252 ὡς
1109 4196 1264 4264 βελτίστους
1286 4202 1330 4248 καὶ
1349 4194 1491 4250 πλείστους

269 4277 345 4352 ἄγειν
363 4277 429 4352 μεθ’
449 4283 544 4337 ἑαυτοῦ
564 4271 640 4337 ridle
659 4278 798 4354 προῦθηκε
817 4290 875 4340 ταῖς
893 4280 1005 4337 πόλεσιν
1023 4279 1080 4351 ἣτις
1097 4307 1119 4337 κ.
1139 4305 1162 4337 τ.
1182 4283 1203 4338 λ.
