3236 4894
766 222 951 310 ..¹.⁰..

254 426 411 510 respicere
441 421 626 509 μαστιγοῦν.
673 423 794 500 Quodsi
826 424 869 490 ad
897 423 1021 488 leudem
1045 422 1223 506 parandam
1245 422 1382 488 alterum
1408 443 1483 488 cer-

255 539 362 598 tamen
396 531 477 618 (scil.
508 530 639 596 verbera
673 530 865 614 sustinendi)
903 528 1082 594 sufficiebat
1116 524 1220 614 (ι”στιν
1236 578 1243 592 .
1262 578 1269 592 .
1288 578 1321 592 ..
1345 517 1477 616 ἀλγή-

256 659 454 702 σαντα...
478 624 709 718 εὐδοκιμοῦντα
732 624 990 722 εὐφραίνεσθαι),
1019 657 1075 700 cur
1106 636 1282 717 imaginum
1304 636 1420 718 rapina
1443 636 1482 699 in

256 744 316 810 hac
345 744 502 810 sententia
530 743 659 808 omnino
682 749 943 808 commemoretur
965 725 1038 806 non*
1052 741 1273 824 intellegimus.
1324 742 1385 806 Sed
1407 742 1478 806 iam

256 871 353 935 supra
375 849 456 913 mihi
479 849 656 914 ostendisse
679 848 785 912 videor
808 849 946 930 priorem
969 849 1063 913 huius
1085 848 1240 912 enuntiati
1257 855 1380 931 partem
1402 846 1482 933 (καὶ

259 947 303 1032 ὡς
332 950 527 1032 πλείστοις.
547 1004 553 1018 .
573 1004 579 1018 .
599 951 760 1038 ἐπέταξε),
799 975 861 1037 qua
889 953 928 1019 de
957 953 1079 1037 rapinis
1108 953 1223 1036 agitur,
1257 954 1299 1019 ab
1329 953 1369 1017 iis
1392 975 1480 1036 quae

257 1068 432 1145 sequuntur
456 1061 567 1144 quovis
590 1069 684 1144 pacto
706 1059 930 1126 secernendam
946 1081 1022 1136 esse,
1046 1065 1141 1142 etque
1156 1059 1204 1126 vel
1222 1061 1297 1126 inde
1312 1060 1479 1142 colligitur

261 1167 373 1232 Steinii
403 1167 617 1232 coniecturam
647 1166 768 1230 nullam
791 1187 868 1249 prae
898 1187 931 1230 se
961 1165 1096 1249 speciem
1118 1165 1200 1230 ferre
1228 1165 1481 1248 probabilitatis.

260 1271 362 1349 Quam
396 1293 457 1355 quo
491 1272 559 1337 iure
581 1271 788 1336 Neumannus
805 1271 829 1350 ¹)
864 1277 1017 1355 tanquam
1048 1271 1197 1338 eximiam
1222 1271 1478 1336 emendationem

258 1378 443 1462 praedicare
464 1378 603 1460 potuerit
629 1398 692 1442 non
721 1377 928 1460 assequimur.

347 1483 415 1548 Iam
438 1485 465 1548 si
487 1505 570 1566 quae
593 1483 701 1548 nativa
725 1483 819 1548 huius
841 1483 903 1548 loci
925 1482 1021 1548 fuerit
1043 1484 1374 1565 l01·maquaesiveriS‚
1397 1484 1476 1547 certi

259 1589 448 1655 contendere
470 1589 551 1654 nihil
574 1589 684 1664 ausim,
724 1610 793 1653 curn
817 1589 931 1653 vitium
953 1590 1021 1654 eius
1044 1589 1141 1654 altius
1165 1589 1302 1654 residere
1331 1589 1478 1655 videatur

260 1717 355 1780 quam
378 1696 463 1778 quod
486 1695 664 1778 neglegenti
688 1695 814 1760 cuidam
837 1694 969 1759 librario
985 1696 1054 1758 iure
1070 1695 1197 1760 crimini
1216 1703 1328 1760 vertas.
1367 1695 1479 1777 Neque

259 1802 457 1868 concedimus
479 1802 669 1868 Schneidero
698 1801 767 1866 sola
796 1802 892 1866 verba
921 1799 977 1864 καὶ
1001 1791 1045 1877 (ὃς
1067 1796 1243 1877 πλείστους
1266 1792 1305 1887 ὃν)
1327 1791 1476 1886 ἁρπάσαι

257 1899 368 1995 τυροὺς
390 1900 488 1972 καλὸν
513 1902 585 1984 θείς
607 1929 644 1971 ex
667 1907 727 1971 hac
750 1928 854 1970 rernm
878 1906 1081 1971 cohaerentia
1109 1907 1275 1973 eximenda
1290 1927 1373 1983 esse3
1397 1928 1480 1988 quae

259 2015 315 2080 ille
339 2014 380 2078 ad
403 2014 567 2096 superiora
590 2013 706 2096 quibus
731 2013 769 2076 de
792 2014 877 2077 furto
901 2013 1009 2094 agitur
1031 2014 1191 2094 pertInere
1212 2012 1389 2077 arbitratus
1405 2019 1479 2096 post

260 2117 511 2204 ἐπικουροῦντας
538 2140 644 2183 vocem
667 2123 687 2199 ξ
713 2127 731 2182 6
756 2118 908 2183 excidisse
937 2128 968 2184 et
1001 2118 1065 2184 huc
1086 2118 1193 2183 delata
1215 2139 1282 2182 esse
1305 2119 1477 2184 contendit.

261 2225 322 2292 Sed
345 2225 412 2289 illic
434 2225 563 2290 furandi
586 2224 805 2289 tantummodo
828 2245 895 2288 mos
918 2225 1086 2306 exponitur
1108 2221 1276 2309 (κλέπτειν
1303 2229 1368 2305 ξι),
1393 2224 1476 2288 κλιν-

260 2321 371 2395 aelam
386 2335 405 2411 ξ
423 2340 451 2408 7,
476 2322 513 2394 τὸ
535 2328 694 2408 κλέπτειν,
719 2327 919 2406 κλέπτοντας
947 2329 1028 2414 ξὸ),
1050 2330 1103 2394 hic
1129 2330 1274 2413 rapiendi
1290 2320 1477 2416 (ripaticos),

178 2443 180 2448 ’
260 2437 316 2520 qui
345 2458 447 2502 mores
478 2438 675 2520 inscriptura
705 2459 772 2501 esse
801 2437 935 2502 seiuncti
965 2436 1120 2503 videntur.
1172 2437 1343 2502 Praeterea
1371 2458 1476 2501 caseos

260 2543 451 2627 surripuisse
466 2543 556 2626 pueri
577 2544 733 2620 videntur,
750 2549 787 2607 ut
802 2548 961 2608 certamen
977 2542 1135 2625 quoddam
1152 2542 1324 2609 celeritatis
1340 2543 1478 2618 inirent3

261 2650 301 2716 (le
323 2650 484 2714 celeritate
506 2657 610 2714 autem
634 2671 731 2732 supra
754 2649 858 2712 minus
881 2669 982 2714 sermo
1008 2656 1056 2712 est
1076 2671 1171 2731 quarn
1194 2648 1233 2713 de
1257 2649 1329 2714 dolo
1345 2655 1377 2713 et
1391 2656 1479 2713 astu·

261 2743 316 2820 ti‘a.
362 2755 475 2839 Itaque
498 2777 561 2837 quo
584 2754 734 2836 leguntur
756 2754 824 2819 loco
847 2754 943 2818 verba
966 2751 1022 2818 ani
1046 2745 1090 2831 ὡς
1107 2750 1280 2831 πλείστοις
1294 2804 1389 2818 .....
1404 2752 1479 2830 θείς
1526 2805 1529 2810 .

262 2862 429 2926 retinenda
459 2882 526 2926 esse
555 2867 642 2943 pute,
672 2861 859 2943 praesertim
887 2882 957 2925 cum
985 2861 1019 2924 in
1042 2881 1204 2925 caseorum
1227 2883 1298 2925 cum
1321 2881 1378 2926 ara
1401 2861 1480 2924 Dia-

262 2988 323 3031 nae
345 2967 577 3043 coniunctione,
611 2988 693 3048 quae
716 2967 832 3031 multos
856 2965 997 3043 offendit,
1020 2966 1102 3032 nihil
1125 2966 1248 3032 videan'r
1271 2966 1478 3032 difficultatis

261 3073 343 3136 Nam
373 3073 399 3136 si
423 3072 550 3155 quidem
579 3094 669 3138 caseo
693 3073 842 3156 Spartani
865 3074 964 3138 multo
988 3073 1070 3138 vesci
1093 3072 1246 3148 solebant,
1281 3073 1369 3156 quod
1392 3074 1474 3138 Plut.

265 3180 338 3262 Lyc.
366 3185 403 3242 12
440 3185 472 3243 et
495 3178 590 3244 schol.
625 3179 667 3244 ad
699 3180 781 3244 Plat.
811 3179 907 3261 Legg.
932 3186 994 3242 633
1018 3200 1038 3244 a
1061 3185 1093 3244 et
1115 3179 1330 3244 Dicaearchus
1353 3179 1386 3243 in
1409 3178 1479 3242 Tri-

263 3284 353 3367 polit.
376 3283 462 3367 apud
486 3283 683 3350 Athenaeum
717 3293 775 3348 141
799 3306 816 3348 c
848 3276 1015 3361 testantur,
1035 3284 1060 3369 2)
1090 3268 1335 3350 nihilomnino
1364 3286 1479 3349 mirum

263 3397 311 3454 est
332 3411 439 3456 caseos
464 3391 597 3473 Spartae
626 3391 787 3455 etiam'ad
810 3388 968 3454 sacrificia
996 3390 1158 3456 adhibitos
1180 3412 1257 3456 esse.
1302 3391 1481 3457 Celeritatis

264 3503 370 3562 autem
408 3503 566 3562 certamen
605 3518 676 3561 cum
715 3517 822 3560 caseos
859 3505 1009 3579 raperent
1045 3518 1160 3580 pueros
1199 3497 1297 3562 inisse
1342 3496 1481 3561 dilucide

264 3603 464 3686 cognoscitur
493 3602 597 3667 verbis
618 3602 801 3685 posterioris
824 3603 981 3668 enuntiati
1014 3600 1164 3691 δρλοῖται
1189 3600 1225 3667 δὲ
1249 3595 1406 3688 ἐντούτῳ
1429 3591 1480 3666 ὅτι

265 3706 334 3771 καὶ
351 3697 436 3772 ὅπου
457 3699 603 3790 τάχους
615 3708 664 3772 δεῖ
680 3699 697 3772 ὃ
712 3699 875 3792 bloiet-ev
891 3700 1044 3788 ἐλάχιστα
1058 3706 1117 3791 μὲν
1133 3697 1316 3796 ὠφελεῖται,
1340 3707 1482 3772 πλεῖστα

266 3811 302 3876 δὲ
333 3804 510 3899 πράγματα
538 3805 703 3897 λαμβάνει.
750 3815 832 3880 Nam
855 3815 888 3878 in
912 3816 1011 3879 caseis
1034 3815 1197 3898 rapiendis
1220 3836 1255 3878 re
1276 3837 1350 3879 vera
1373 3816 1401 3879 is
1425 3815 1482 3897 qui

264 3919 382 3984 lentior
405 3927 474 3984 erat
496 3941 558 3984 non
581 3920 683 3984 solum
705 3920 829 3988 laudem
852 3921 914 3986 sibi
938 3921 1074 4004 parabat
1097 3921 1228 3997 nullam,
1251 3921 1482 3996 verumetiam,

356 4168 375 4232 1)
395 4166 519 4219 Zeitscln:
539 4166 556 4218 f.
577 4165 601 4219 d.
622 4166 809 4234 Gymnasialin
829 4168 949 4220 XXXIII
969 4185 994 4235 p.
1015 4171 1073 4223 580.

356 4258 375 4322 2)
396 4254 450 4306 Hos
469 4254 536 4307 locos
556 4253 681 4322 adscripsi
701 4255 771 4308 inira
787 4272 810 4323 p.
832 4259 871 4310 12.

275 4349 289 4374 ι
