3236 4894
243 399 302 486 τὰς
325 405 400 494 περὶ
424 399 478 471 τὸν
499 399 610 490 βωμὸν
633 405 666 470 ἐν
691 399 824 494 Σιττίρτγγ
848 399 974 494 ιτλτγγίις
997 405 1060 471 τῶν
1084 397 1213 494 ἕιγίβων
1230 403 1285 469 καί
1306 397 1362 492 τίγν
1378 398 1463 487 μετὰ

243 513 344 578 ταῦτα
370 513 430 578 τῶν
453 511 577 578 Λυδῶν
598 506 737 601 ντομιτίγν
760 514 994 578 συντελεῖσθαι.

458 695 485 758 V
511 701 616 760 2—3.

332 817 385 880 καί
418 821 508 882 σῖτον
535 815 572 880 (ie
601 813 710 896 ἔταξεν
738 803 848 892 circis
882 806 926 893 ως
953 808 1033 902 μήτε
1064 807 1351 902 ι”ιτεριτλιγροῖοίλαι
1378 807 1461 904 μήτε

244 921 362 1000 ἐνδεεῖς
396 919 592 1008 γίγνευίλαα
623 914 730 987 πολλὰ
765 920 801 986 δὲ
833 919 888 986 καί
924 913 1096 1008 παράλογα
1130 919 1269 1008 γίγνεται
1300 911 1370 986 ἇιτὸ
1398 921 1462 986 τῶν

243 1019 470 1114 ἀγρευομένων,
496 1025 525 1094 oi
547 1027 583 1092 δὲ
602 1020 753 1093 πλούσιοι
773 1024 860 1092 ἔστιν
872 1017 924 1092 ὅτε
937 1025 993 1092 καί
1006 1015 1101 1114 ι’ίρτον
1113 1017 1458 1114 ἄντιτταραβάλλοιυιν.

332 1133 506 1200 Offensioni
540 1143 588 1201 est
621 1136 707 1218 quod
743 1142 1027 1200 commemorantur
1061 1157 1081 1199 a
1115 1135 1268 1218 scriptore
1302 1155 1339 1199 ea
1373 1157 1456 1218 quae
1490 1155 1493 1159 ·

244 1233 425 1328 παράλογα,
448 1243 469 1304 i.
483 1265 508 1307 e.
524 1248 651 1325 praeter
667 1243 822 1306 rationem
846 1241 895 1305 vel
916 1241 1142 1324 inexspectato
1165 1240 1334 1322 asiugnlis
1356 1241 1455 1305 inter·

244 1347 319 1412 dum
343 1349 510 1430 Spartanis
532 1348 575 1411 ad
598 1369 704 1411 oenum
729 1369 923 1413 communem
946 1347 1063 1411 collata
1085 1347 1158 1422 sint,
1181 1347 1371 1411 omittuntur
1388 1369 1461 1412 vero

244 1474 329 1552 puae
353 1475 460 1517 omnes
485 1454 554 1535 lege
576 1453 721 1517 obstricti
742 1453 884 1518 conferre
896 1453 1072 1517 debuerint.
1101 1451 1210 1536 Neque
1227 1453 1355 1517 omniuo
1371 1453 1464 1517 audi-

244 1581 314 1623 mus
337 1567 445 1623 utrum
467 1559 594 1642 publico
618 1566 755 1642 sumptu,
779 1565 815 1622 nt
837 1558 921 1641 apud
940 1560 1113 1636 Cretenses,
1136 1581 1178 1622 an
1200 1579 1238 1622 ex
1262 1559 1461 1641 singulorum

243 1664 372 1729 tributis
403 1687 481 1730 cena
509 1665 566 1730 illa
595 1673 708 1747 parata
735 1665 785 1729 sit.
832 1663 920 1740 Quae
942 1664 1070 1748 quidem
1099 1664 1200 1728 fusius
1223 1665 1354 1748 exponit
1376 1664 1461 1728 Plut.

243 1772 316 1855 Lyc.
343 1779 382 1835 12
412 1763 599 1858 συνήρχοντο
623 1768 659 1834 δὲ
681 1758 742 1834 ἀνὰ
765 1766 996 1834 πεντεκαίδεκα
1020 1768 1076 1834 καί
1099 1761 1199 1856 βραχὺ
1221 1763 1343 1834 τούτων
1367 1762 1462 1834 ἐλάτ-

245 1901 319 1954 τους
341 1901 359 1961 ιγ
352 1865 559 1953 ντλείοιςῊ
547 1874 639 1964 εἰγιερε
655 1872 727 1940 (53¹⁰
708 1896 844 1952 canoros
860 1868 943 1939 κατὰ
958 1874 1003 2000 po}
1005 1900 1042 1939 να
1057 1900 1120 1939 των
1136 1895 1296 1942 σιοσιτων
1311 1868 1461 1998 utpium

243 1980 407 2065 μίδιιινον,
445 1977 531 2046 ον”νοι
560 1974 639 2063 χόας
668 1971 762 2060 οκτώ,
801 1979 895 2066 τυροῦ
926 1979 1023 2045 πέντε
1051 1979 1141 2063 μνᾶς,
1171 1974 1277 2045 οίκων
1305 1972 1465 2107 ’ρίμιμναια

244 2085 358 2150 πέντε·
383 2080 467 2172 πρὸς
489 2085 535 2151 ιλὲ
548 2079 676 2164 τοίιτοις
700 2083 747 2164 εἰς
770 2075 916 2172 οιγωνίαν
937 2059 1052 2168 μικρόν
1067 2111 1100 2150 τι
1116 2085 1235 2175 κομιδῇ
1251 2084 1459 2170 νομίσματος

155 2191 158 2202 '
242 2181 349 2269 αλλως
382 2190 417 2256 δὲ
450 2190 505 2255 καί
529 2184 636 2269 «λίπους
664 2218 716 2270 τις
745 2181 893 2318 αιταρχίν
921 2193 977 2257 ναί
1001 2185 1163 2278 &aprione
1193 2192 1292 2278 μέρος
1314 2189 1464 2279 {benemar
1511 2191 1514 2198 ’

244 2295 291 2375 εἷς
320 2288 357 2361 τὸ
387 2294 560 2362 σιοοίτιον.
608 2296 679 2386 ἕξιγν
664 2290 833 2384 ν”γαρ
797 2323 883 2363 orant
912 2299 974 2363 ιλειι
963 2303 1062 2377 creir,
1095 2289 1196 2364 ὁντὸτε
1225 2292 1333 2377 θύσας
1362 2287 1457 2387 argi}

244 2401 384 2491 κυνιγγῶν
407 2393 544 2490 ominare,
575 2395 648 2482 τοὺς
679 2394 708 2469 δ’
724 2391 839 2482 ἷίλλοις
869 2401 971 2470 ἔδει
959 2406 1111 2492 παρεῖναι
1134 2414 1166 2471 et
1188 2406 1433 2476 Dicaearchus
1424 2429 1459 2470 ιιι

243 2511 387 2593 Tripolit.
411 2511 562 2594 apudt
521 2512 718 2577 Athenaeum
750 2521 841 2576 1410
866 2500 1111 2598 ουμιγίρειό(
1101 2509 1237 2588 ιταστος
1259 2507 1306 2589 εἰς
1327 2503 1365 2575 τὸ
1388 2534 1460 2599 φει-

244 2613 347 2680 ιλίτιον
378 2604 523 2704 ἆλιγιίτων
551 2614 610 2698 μὲν
641 2607 685 2694 ὡς
714 2612 787 2701 τρία
813 2607 957 2698 μάλιστα
977 2608 1183 2735 ἡμιμέδιμνα
1197 2605 1341 2696 Ἀττικὰ,
1377 2612 1463 2682 οἴνου

243 2721 280 2787 δὲ
309 2715 387 2804 χόας
411 2714 522 2786 {voraci
553 2747 642 2799 τινας
664 2747 683 2809 ιγ
676 2709 852 2786 ιλωιίεκα·
899 2714 990 2808 παρὰ
1013 2721 1050 2786 δὲ
1072 2721 1173 2787 ταῦτα
1195 2746 1288 2810 τυρου
1311 2715 1463 2806 σταθμόν

242 2854 314 2893 τινα
342 2827 398 2893 aui
428 2819 484 2892 σίν
479 2851 541 2891 ων·
575 2824 623 2892 ἔτι
646 2823 732 2892 δὲ
706 2851 753 2906 εις
776 2816 922 2914 ὀψωνίαν
950 2826 1026 2915 περὶ
1050 2827 1130 2894 δίνα
1151 2821 1242 2906 τινὰς
1264 2826 1459 2916 Αἰγιναίους

228 2923 386 3018 -ὀβολοίς,
418 2955 480 3016 qno
511 2935 580 2998 loco
610 2934 734 2998 addunt
720 2941 773 2998 tur
803 2956 885 3017 qnae
908 2935 1103 3018 Sphaerus
1095 2957 1128 2999 m
1153 2935 1246 3000 Polit.
1271 2928 1342 3004 Lac.
1366 2936 1386 3000 l.
1410 2937 1458 3001 III

241 3037 532 3126 rteferaztrpa'povor
556 3038 672 3104 δὲκαὶ
697 3031 841 3104 ἐντοίίνλα
864 3029 956 3105 αυτοὶ
982 3036 1012 3104 oi
1036 3037 1197 3128 ιγιειδίται·
1245 3039 1301 3105 καί
1324 3066 1388 3105 των
1402 3065 1461 3124 μεν

240 3134 458 3231 ἀγρευομένων
490 3134 544 3234 ὑφ’
580 3136 683 3210 αὑτῶν
718 3143 817 3211 ἐνίοτε
854 3141 884 3210 oi
920 3142 1054 3211 ττολλοί·
1102 3135 1138 3211 οὗ
1175 3138 1237 3234 μίγν
1266 3135 1336 3212 ἀλλ’
1368 3147 1401 3211 οἵ
1428 3170 1461 3232 γε

186 3304 189 3309 .
242 3243 397 3315 πλούσιοι
425 3249 481 3314 καὶ
496 3237 605 3338 ἰἰίρτον
633 3252 689 3315 καί
718 3234 762 3315 ὧν
793 3239 831 3315 ib
855 3241 922 3337 ὥρα
946 3249 983 3316 ἐκ
1004 3250 1069 3316 τῶν
1091 3241 1196 3338 οῗγριῖιν
1217 3247 1266 3330 εἷς
1289 3241 1385 3341 αὗτίγν
1406 3244 1463 3340 τίγν

242 3352 417 3421 συνουσίαν
471 3357 640 3423 Praeterea
674 3357 711 3421 cf
743 3357 840 3422 schol.
871 3358 913 3422 ad
941 3358 1022 3424 Plat.
1001 3360 1155 3442 tLegg.
1187 3367 1291 3424 633a
1330 3349 1459 3441 ἐνόμιζε

242 3461 324 3528 ria‘
313 3459 449 3540 ίναοτος
484 3458 619 3528 οἴκοθεν
651 3453 691 3527 τὰ
726 3454 809 3548 πρὸς
842 3454 943 3546 τὸνγ
931 3487 1015 3550 μιγνα
1043 3452 1221 3550 αρκίοοντα
1251 3450 1375 3582 ᾆλφιτα
1405 3463 1459 3528 ναί

200 3627 204 3634 ,
240 3561 350 3696 τυρολς
372 3568 428 3633 καί
446 3565 596 3696 ιγοίνικας
618 3567 674 3632 καί
693 3560 786 3633 οἶνον.
825 3590 896 3633 οσοι
918 3568 955 3633 rie*
977 3593 1098 3633 τουτων
1120 3567 1153 3633 ἐν
1174 3563 1263 3695 {impp
1284 3596 1303 3657 ιγ
1327 3563 1462 3648 θίοντες

241 3669 409 3762 ἐτύγχανον
430 3675 510 3762 μίριγ
524 3672 560 3738 ἐκ
576 3699 697 3739 τουτιυν
719 3670 871 3758 ἔπεμπον
892 3679 962 3752 τοῖς
984 3673 1017 3739 ἐν
1038 3673 1085 3762 τῷ
1107 3672 1272 3762 συσσιτίῳ.

330 3783 518 3865 Quanquam
549 3803 587 3845 ex
610 3781 670 3846 hoc
693 3781 801 3846 libello
825 3803 862 3846 ea
887 3783 993 3846 omnia
1010 3781 1124 3846 hausta
1147 3804 1213 3848 esse
1236 3803 1327 3847 nemo
1343 3783 1460 3861 credet,

238 3895 516 3954 commemoratum
538 3893 644 3951 tamen
667 3909 687 3951 a
709 3886 919 3971 Xenophonte
941 3887 1027 3952 hunc
1049 3909 1158 3952 cenam
1181 3889 1318 3971 parandi
1340 3911 1459 3954 morem

239 3995 336 4059 fnisse
362 3995 440 4058 satis
469 4000 516 4058 est
545 3992 719 4075 probabile.
773 3992 865 4069 Quod
896 3999 927 4057 et
956 4013 1063 4057 eorum
1093 4015 1174 4076 quae
1205 4001 1332 4077 praeter
1359 3995 1460 4077 legem

240 4108 350 4184 sponte
381 4099 541 4163 dabantur
569 4100 864 4164 commemoratione
897 4099 1095 4180 cognoscitur
1123 4107 1154 4164 et
1186 4101 1226 4164 iis
1260 4122 1341 4183 quae
1375 4101 1461 4166 iufra

241 4206 338 4271 Vlla
363 4206 514 4288 legimus:
546 4203 602 4268 καί
627 4196 687 4290 γὰρ
710 4195 748 4292 δὴ
770 4200 804 4268 τί
826 4201 967 4281 ιτλοῖτος
990 4201 1056 4268 ἐκεῖ
1080 4227 1113 4290 γε
1137 4199 1362 4284 σιτονιλαστίος
1379 4202 1462 4271 ἔνθα
