3236 4894
747 221 784 274 15

152 415 354 512 είδοξὸτερον
379 421 532 512 ἐποίησεν
562 410 582 511 ἢ
611 415 649 487 τὸ
678 422 883 500 δαπανῶντα,
909 419 1078 502 ἐπιδείξας
1104 415 1142 486 τὸ
1170 420 1230 505 μὲν
1259 421 1371 511 ψυχῆς,

153 524 191 597 τὸ
214 530 250 596 δὲ
273 524 416 596 ντλοίτοο
440 527 538 616 ἔργον.
562 522 600 594 τδ
629 553 663 615 με
684 521 746 617 μὴν
770 527 806 608 ἐξ
826 517 948 593 δδίκιον
974 525 1231 616 χρηματίζεσθαι
1260 527 1317 593 καὶ
1341 527 1374 592 ἐν

152 643 223 716 τοῖς
245 629 407 714 τοιούτοις
430 628 611 701 διεκώλυσε.

244 744 351 809 Verba
375 741 408 806 δν
429 745 499 820 τοῖς
520 734 681 819 τοιοίτοις
696 763 862 826 perperam
882 741 924 805 ab
940 741 1167 828 interpretibus
1183 742 1224 806 ad
1241 764 1372 826 sequen·

153 851 201 915 tia
232 849 420 914 referuntur.
466 848 526 912 Cui
555 849 673 912 rationi
701 848 838 931 primum
867 848 974 912 obstat
1004 869 1080 912 usus
1110 848 1195 913 vocis
1217 846 1372 926 τοιοῦτος,

155 977 238 1039 quae
263 977 334 1019 cum
356 955 492 1019 articulo
521 955 721 1018 itatantum
740 954 804 1034 legi
827 954 967 1018 soIetut
988 953 1030 1018 ad
1053 952 1239 1037 qualitatem
1263 961 1371 1019 notam

163 1060 212 1124 vel
234 1066 330 1125 antea
277 1060 524 1125 tindioatam
547 1061 714 1143 pertineat.
692 1060 795 1124 t.Cf
811 1061 928 1142 Krueg.
944 1081 1074 1142 gramm.
1096 1063 1183 1140 §56
1207 1068 1227 1124 4
1253 1061 1326 1128 adn.
1345 1067 1374 1124 6.

158 1166 281 1230 Deinde
311 1188 352 1230 au
355 1173 427 1241 tem,
449 1167 476 1230 si
505 1166 548 1230 ad
578 1166 744 1250 sequentia
774 1187 811 1230 ea
834 1165 931 1230 verba
952 1163 1141 1241 referres,
1126 1189 1159 1228 εν
1180 1166 1375 1249 praepositio

154 1293 284 1355 prorsus
301 1272 468 1337 abundans
481 1272 698 1336 soloecismum
712 1270 864 1348 efficeret;
880 1292 1018 1354 namque
1033 1271 1236 1337 statuendum
1248 1272 1331 1338 foret
1343 1270 1378 1335 ἑν

153 1381 224 1454 τοῖς
245 1369 407 1454 τοιούτοις
429 1369 602 1442 διεκώλυσε
624 1377 729 1442 valere
752 1377 836 1441 idem
859 1398 897 1441 ao
918 1380 989 1453 τοῖς
1010 1369 1170 1454 τοιοίτοις
1192 1369 1375 1456 διεκώλυσε,

153 1483 187 1547 id
210 1485 296 1566 quod
318 1484 445 1548 nullot
431 1490 537 1548 tamen
560 1484 703 1566 exemplo
727 1505 762 1547 sa
764 1483 805 1547 tis
764 1483 945 1548 tidoneo
969 1484 1201 1566 comprobatur.
1248 1483 1377 1549 Confert

151 1589 279 1672 quidem
303 1589 438 1654 Haasius
461 1589 529 1654 Mat
529 1589 574 1654 t.h
601 1611 733 1672 gramm
756 1593 872 1670 ξ396,
897 1597 914 1652 2
941 1588 1014 1654 adn.
1039 1597 1078 1665 2;
1100 1590 1155 1654 sed
1178 1589 1240 1654 Ioci
1264 1590 1375 1672 quales

155 1697 305 1777 leguntur
337 1697 419 1760 PIat.
438 1695 531 1777 Resp.
560 1695 638 1760 VIII
663 1703 725 1759 567
746 1717 763 1758 o
787 1692 820 1757 ἐν
840 1691 985 1780 μακαρίᾳ
1007 1681 1070 1780 ἷίρα
1103 1683 1223 1781 ἀνάγκη
1248 1693 1376 1759 δέδεται

153 1791 188 1884 (ὁ
211 1791 385 1887 τδραννος),
403 1800 497 1883 Soph.
511 1801 585 1863 Ant.
563 1806 661 1864 t696
687 1786 926 1886 αιτοίδελφον
910 1822 944 1862 ιν
966 1803 1082 1887 φοναῖς
1104 1798 1274 1880 ιτειττῶτα,
1299 1801 1376 1866 ibid.
1465 1873 1468 1887 Ι

157 1914 240 1970 1229
266 1903 300 1968 ἐν
321 1902 367 1991 τῷ
391 1902 556 1993 ξυμφορᾶς
571 1896 763 1993 διεφθάρης,
788 1905 844 1969 alii
861 1904 1018 1988 quomodo
1034 1905 1214 1988 explicandi
1230 1907 1294 1970 sint
1310 1905 1377 1970 elu-

151 2033 221 2077 cere
244 2033 282 2075 ex
305 2012 386 2076 Plat.
414 2011 537 2076 Menex.
563 2010 666 2075 arod
698 2008 731 2073 ἐν
753 2002 855 2096 τοίτφ
883 2002 922 2098 δίη
943 1995 983 2074 δν
1011 2035 1062 2089 τις
1084 2003 1250 2095 γενόμενος
1285 2008 1373 2098 γνοίη

151 2119 219 2202 ipse
242 2117 435 2182 Matthiaeus
459 2116 558 2183 docet.
581 2116 691 2200 Neque
714 2116 848 2181 multum
878 2117 919 2182 ab
947 2117 987 2182 iis
1019 2117 1200 2200 discrepant
1230 2119 1375 2201 exempla

152 2245 233 2308 quae
248 2223 382 2306 legimus
404 2223 486 2288 PIat.
510 2223 606 2304 Legg.
630 2222 660 2286 X
682 2223 784 2288 8876
807 2219 857 2287 ἔτι
880 2220 913 2286 ἐν
936 2214 1050 2306 γάλαξι
1071 2215 1270 2309 τρεφόμενοι,
1295 2223 1376 2290 Χειι.

153 2329 439 2413 Cyrop.III3,10
461 2332 531 2406 τοῖς
554 2326 587 2391 ἐν
611 2317 728 2406 ὅπλοις
750 2325 1000 2411 νοσμονμίνοιςς
1032 2351 1114 2412 quae
1135 2330 1242 2395 omnia
1266 2329 1307 2396 ad
1331 2331 1378 2395 Io-

154 2432 351 2498 ontionem
336 2457 369 2497 εν
383 2436 454 2510 τοῖς
475 2425 637 2510 τοιούτοις
652 2426 841 2498 διακιολίειι
835 2441 1019 2516 parumat
1021 2436 1121 2499 tinere
1137 2435 1231 2502 vides.
1266 2435 1389 2519 Neque

152 2539 255 2621 magis
278 2539 340 2604 huo
361 2545 433 2622 pert
434 2540 524 2604 inent
510 2539 606 2604 tlooi
630 2540 739 2622 quales
763 2540 915 2604 habemus
945 2539 1058 2624 Cyrop.
1075 2539 1136 2616 16,
1155 2548 1172 2603 2
1197 2530 1276 2605 ὅτι.
1320 2566 1377 2605 .οι

152 2640 232 2710 θεοί
248 2665 334 2710 σε..
353 2643 551 2726 .οέιιιιοτσι
567 2643 622 2709 καί
640 2641 673 2708 ἒν
697 2639 794 2732 ἱεροῖς
810 2643 905 2733 δῆλον
927 2644 984 2709 καὶ
1004 2643 1037 2708 ἐν
1053 2633 1211 2731 οίρανίοις
1231 2643 1378 2734 σημείοις

150 2757 210 2816 aut
243 2753 338 2834 Hipp.
362 2751 408 2816 IX
434 2761 451 2817 9
486 2748 762 2838 προσημαίνουσιν
792 2746 838 2838 (oi
861 2750 1000 2836 θεοί)
983 2777 1009 2837 qr
1033 2738 1072 2816 διν
1095 2749 1239 2815 ἑδὲλιοσι
1261 2751 1318 2816 καὶ
1344 2751 1377 2815 ἕν

159 2852 257 2942 ἱεροῖς
278 2856 334 2920 καί
362 2853 395 2920 ἒν
419 2852 546 2934 οἰωνοῖς
567 2856 624 2920 aori
656 2854 689 2920 ἐν
717 2881 842 2946 φημαις
867 2856 923 2921 καὶ
947 2855 981 2920 ἐν
1012 2845 1170 2943 ὀνείρασιν
1203 2864 1260 2923 aut
1285 2860 1379 2941 Resp.

154 2962 324 3025 Lao.119
361 2961 514 3049 δηλῶσαι,
550 2961 700 3048 δηλοῦται
736 2961 769 3027 ἐν
801 2955 913 3048 τούτῳ.
953 2964 1043 3040 Nam,
1066 2971 1102 3027 ut
1125 2965 1267 3047 exemplo
1296 2970 1380 3040 utar,

155 3067 253 3133 verba
275 3065 309 3130 δν
329 3058 432 3152 τοίτηι
455 3065 606 3152 δηλοῖται
628 3067 809 3150 significant
830 3059 903 3134 ‘hac
926 3069 960 3132 in
982 3091 1017 3134 re
1039 3057 1183 3153 apparet’
1205 3070 1227 3134 i.
1255 3091 1280 3135 e.
1305 3070 1380 3144 dum

157 3174 235 3238 haee
273 3191 323 3237 res
361 3172 407 3249 fit,
436 3173 531 3236 simul
568 3182 711 3257 apparet,
741 3174 874 3256 ideoque
912 3176 1007 3240 verba
1039 3172 1073 3237 ἐν
1110 3178 1181 3252 τοῖς
1217 3167 1377 3253 τοιοίιιοις

154 3269 344 3356 διειώλισε,
381 3280 408 3342 si
438 3287 523 3345 recte
545 3279 780 3363 interpretaris
803 3281 911 3344 valent
931 3269 977 3344 ‘in
1000 3280 1051 3345 his
1073 3281 1167 3346 rebus
1190 3270 1376 3366 prohibuit',
1442 3361 1446 3368 1

139 3385 221 3458 soil.
250 3385 344 3449 simul
373 3406 444 3449 oum
473 3385 546 3450 aliis
575 3386 669 3451 rebus
701 3408 780 3469 quas
809 3386 990 3451 institueret
1023 3387 1177 3452 iniustum
1206 3395 1373 3471 quaestum

154 3492 319 3576 Lyeurgus
342 3491 544 3574 prohibuisse
567 3492 733 3558 diceretur.
775 3494 893 3557 Verum
917 3515 999 3576 quae
1021 3500 1198 3577 sequuntur
1225 3494 1264 3558 de
1287 3515 1376 3559 num·

155 3619 279 3662 morum
302 3597 521 3679 magnitudine
545 3604 576 3663 et
599 3599 637 3662 de
659 3619 738 3663 auro
760 3604 956 3681 argentoque
971 3599 1191 3681 investigando
1214 3599 1292 3664 haee
1314 3621 1378 3664 non

133 3704 249 3768 simul
271 3704 363 3767 illum
385 3703 558 3787 prohibens
580 3705 744 3786 legislator
774 3704 916 3768 instituit
946 3704 1002 3768 sed
1024 3705 1063 3768 iis
1094 3705 1173 3788 ipsis
1195 3705 1376 3788 prohibitu-

154 3831 226 3884 rus,
254 3829 357 3891 neque
387 3810 454 3873 ulla
476 3810 541 3875 alia
571 3811 694 3875 ratione
716 3831 754 3874 ea
776 3810 829 3874 hio
854 3818 1156 3887 commemorantur,
1188 3811 1250 3875 nisi
1278 3816 1316 3875 ut
1337 3811 1380 3876 ad

154 3915 216 3980 hoo
249 3913 352 3997 ipsum
384 3915 550 3979 consilium
580 3923 775 3981 revocentur.
831 3915 937 3992 Quare
965 3936 1028 3980 non
1058 3913 1092 3978 ἐν
1119 3919 1189 3993 τοῖς
1218 3908 1379 3994 τοιοίτοις

153 4021 257 4104 (hisee
278 4021 312 4084 in
336 4019 454 4104 rebus),
471 4021 525 4084 sed
556 4025 627 4098 τοῖς
648 4013 809 4098 τοιούτοις
838 4021 939 4107 (hisee
961 4021 1070 4106 rebus)
1101 4021 1268 4087 dicendum
1300 4029 1378 4088 erat.

155 4125 266 4210 Neque
287 4134 394 4192 tamen
417 4125 548 4191 dubium
569 4133 617 4192 est
639 4128 717 4209 quin
740 4124 773 4190 ἐν
795 4128 990 4211 praepositio
1014 4128 1153 4210 genuina
1175 4128 1225 4193 sit.
1263 4129 1377 4212 Itaque

157 4227 190 4294 ἐν
210 4235 281 4310 τοῖς
303 4225 464 4309 τοιοίτοις
493 4231 590 4299 verba
618 4232 680 4297 nisi
708 4232 750 4298 ad
786 4234 951 4317 superiora
983 4233 1093 4298 referri
1121 4240 1291 4316 nequeunt.
