3236 4894
729 233 768 288 29

135 435 163 498 si
187 435 288 499 omnis
311 434 442 500 offensio
462 435 510 501 ita
532 436 704 501 tolleretur.
744 437 803 502 Sed
827 459 897 502 oum
933 438 995 501 iam
1020 441 1039 518 ξ
1059 447 1073 501 1
1096 424 1358 503 commemoretur

134 542 227 623 quale
261 543 424 624 Lycurgus
457 542 566 624 probis
607 543 734 607 senibus
770 543 897 608 virtutis
932 544 1107 628 praemium
1141 545 1357 626 proposuerit,

135 648 231 711 verba
254 634 449 733 ἆξιάγαστον
471 636 500 710 d'
525 635 620 711 tri-roi
643 647 699 711 καὶ
722 640 760 711 τὸ
777 646 991 736 ἐπικουρῆσαι
1014 672 1043 711 κ.
1068 672 1095 712 τ.
1120 648 1147 712 λ.
1173 649 1267 713 etiam
1284 657 1360 731 post

134 757 196 834 §3
230 755 335 835 posita
362 755 439 818 satis
470 754 589 818 habent
619 756 753 819 molesti.
800 755 921 819 Deinde
949 762 1084 838 apparet
1111 776 1150 820 ea
1179 776 1260 836 quae
1293 759 1312 834 ξ
1339 763 1356 817 2

134 857 340 942 proferuntur
375 860 542 924 manifesto
581 860 622 924 ad
657 869 817 925 senatores
851 882 1022 942 eorumque
1054 882 1169 924 munus
1205 868 1360 942 spectare.

135 966 201 1030 Iam
225 987 296 1030 cum
328 969 347 1045 ἓ
371 974 389 1030 3
413 967 460 1030 ita
483 967 524 1030 sit
546 967 741 1031 conformata
764 974 799 1030 ut
822 967 958 1048 scriptor
981 967 1019 1030 de
1043 987 1172 1031 munere
1195 967 1357 1032 senatorio

134 1093 284 1155 perorare
316 1072 469 1148 videatur,
481 1071 507 1154 1)
542 1073 607 1136 veri
639 1073 741 1136 simile
771 1094 835 1136 non
865 1081 913 1136 est
941 1073 1037 1136 etiam
1067 1079 1141 1154 post
1172 1072 1255 1136 hanc
1277 1075 1297 1152 ἓ
1320 1093 1360 1136 ea

135 1179 173 1243 de
196 1178 354 1260 dignitate
377 1178 547 1260 quicquam
570 1178 715 1242 additum
738 1179 844 1244 fuisse.
881 1178 1014 1260 Insuper
1036 1180 1055 1258 ξ
1079 1186 1096 1242 3
1121 1184 1195 1261 apte
1228 1179 1356 1260 quidem

133 1276 204 1348 cum
233 1288 292 1365 §1
326 1306 389 1348 non
419 1284 632 1364 coniungitur,
665 1285 724 1348 nisi
757 1306 830 1349 vero
861 1284 958 1348 verba
992 1265 1083 1359 οὗτος
1106 1273 1123 1346 ὃ
1145 1271 1232 1368 ἀγών
1263 1283 1298 1365 (ξ
1321 1283 1360 1368 3)

132 1391 294 1454 commode
317 1389 358 1454 ad
380 1377 564 1474 τὴναρίσιν
586 1387 642 1476 τῆς
664 1386 825 1475 γεραντίας
847 1391 881 1476 (ἕ
908 1391 939 1472 1)
962 1390 1071 1454 referri
1097 1389 1269 1471 putaveris.
1294 1390 1357 1455 Sed

137 1496 217 1560 illud
242 1477 334 1572 οὗτος
358 1485 375 1558 ὁ
397 1483 485 1580 dynir
506 1496 668 1578 postulare
691 1496 816 1560 videtur
838 1501 873 1558 ut
896 1495 1086 1560 antecedant
1102 1496 1257 1560 nonnulla
1272 1495 1359 1560 unde

135 1623 169 1665 re
198 1623 272 1665 vera
302 1603 385 1664 inter
413 1622 502 1666 senes
526 1608 684 1666 certamen
708 1602 866 1666 exstitisse
889 1600 928 1664 de
951 1601 1149 1683 assequenda
1170 1601 1228 1665 illa
1252 1601 1359 1682 digni-

135 1713 202 1802 tate
225 1707 356 1771 eluceat.
843 1695 845 1704 i

225 1812 380 1894 Equidem
404 1832 476 1875 cum
498 1811 577 1875 certi
600 1811 770 1893 quicquam
793 1811 853 1875 hoc
872 1811 995 1874 deloco
1012 1817 1149 1876 statuere
1166 1834 1227 1876 non
1245 1813 1358 1887 ausim,

136 1917 290 1999 suspicari
320 1917 398 1981 satis
426 1916 528 1981 habeo
552 1921 571 1997 ξ
595 1925 613 1980 2
645 1938 709 2000 qua
746 1939 830 1980 nunc
859 1918 900 1981 sit
923 1916 1024 1980 fornia
1045 1917 1087 1981 ab
1109 1918 1178 2000 ipso
1202 1919 1357 2000 scriptore

135 2045 198 2086 non
223 2044 289 2088 csse
311 2023 496 2106 profectam.
533 2023 642 2105 Neque
665 2028 750 2086 recte
766 2021 887 2087 iudicat
903 2023 1120 2099 Naumannus‚
1133 2026 1159 2108 θ)
1176 2025 1230 2106 qui
1246 2024 1356 2105 genui-

134 2151 209 2194 nam
240 2150 308 2194 csse
339 2130 421 2194 hanc
453 2135 576 2212 partem
610 2150 648 2192 ex
672 2129 769 2192 simili
791 2133 830 2210 ἓξ
857 2139 872 2192 1
898 2136 968 2192 eth
1002 2135 1162 2194 structura
1185 2129 1358 2193 concludit.

134 2234 215 2298 Nam
240 2235 266 2298 si
291 2235 418 2317 quidem
442 2238 509 2315 §Q
532 2243 567 2299 ut
591 2235 766 2299 ostendisse
781 2234 873 2298 nobis
889 2235 1041 2310 videmur,
1064 2234 1106 2299 ad
1121 2235 1356 2300 cohaerentiam

134 2340 196 2404 loci
219 2341 323 2404 minus
346 2342 491 2423 quadrat,
515 2363 553 2404 ex
576 2341 783 2406 similitudine
806 2343 845 2421 ἓξ
868 2351 884 2404 1
910 2347 941 2404 et
966 2349 984 2402 2
1015 2341 1076 2404 hoc
1098 2341 1204 2423 potius
1227 2341 1355 2421 collige-

135 2467 214 2522 mus,
237 2446 367 2509 alterius
391 2447 546 2510 enuntiati
569 2445 703 2511 sormam
727 2468 788 2510 non
814 2446 952 2510 nativam
974 2446 1028 2509 sed
1045 2447 1213 2528 posteriori
1230 2446 1356 2510 cuidam

134 2552 183 2616 vel
207 2551 340 2617 librario
362 2553 412 2616 vel
435 2553 642 2634 grammatico
665 2545 867 2617 tribuendam
891 2573 966 2627 esse,
990 2553 1045 2634 qui
1067 2553 1239 2634 superioris
1256 2574 1356 2617 enun-

135 2655 209 2722 tiati
232 2657 365 2722 sormam
397 2679 433 2724 ac
455 2665 647 2723 structuram
677 2659 743 2723 sive
766 2659 908 2724 consulto
931 2659 996 2723 sive
1020 2679 1096 2722 casu
1120 2659 1357 2743 expresseritss)

347 2819 429 2882 Xe.

223 2931 297 3003 udde
321 2962 355 3025 ys
377 2931 439 3026 pqr
460 2937 516 3003 rod
532 2932 723 3025 Aruoipyoe
742 2939 815 3018 πῶς
833 2928 869 3005 oi·
883 2932 1030 3026 μεγάλως
1049 2927 1139 3019 <igion
1157 2927 1356 3028 ἀγασθῆναι,

135 3025 172 3122 39
195 3036 309 3132 ἐπειδὴ
338 3042 525 3126 κατέμαθεν
551 3034 601 3108 ὅτι
634 3034 717 3108 iinon
749 3040 779 3109 oi
812 3038 999 3129 βουλόμενοι
1035 3043 1269 3128 ἐπιμελεῖσθαι
1298 3044 1359 3134 τῆς

134 3139 246 3237 ἀρετῆς
269 3138 323 3231 οὐχ
348 3146 454 3214 ἱκανοί
475 3145 539 3215 εἰσι
562 3143 621 3228 τὰς
644 3147 807 3237 παῑρίὸας
832 3138 944 3230 origem,
970 3148 1091 3229 ἐκεῖνος
1115 3149 1148 3214 e'r
1162 3177 1201 3240 cp
1219 3144 1354 3239 Σπάρτῃ

136 3245 294 3344 ἠνάγκασε
317 3252 457 3344 δημοσίᾳ
479 3247 606 3334 πάντας
628 3248 741 3334 πάσας
763 3245 875 3322 ἀσκεῖν
896 3249 955 3334 τὰς
978 3248 1111 3343 ἆρετάς;

223 3364 260 3428 G.
277 3364 314 3427 A.
331 3363 528 3448 Sauppius4)
553 3365 679 3447 plenam
703 3385 769 3428 esse
792 3363 875 3429 hanc
899 3365 1087 3428 sententiam
1108 3370 1196 3429 ratus
1220 3386 1236 3430 e
1258 3366 1356 3430 verbo

134 3466 369 3551 demetriadae
397 3477 469 3551 post
491 3457 604 3555 αρετῆς
626 3476 730 3535 mente
754 3470 964 3552 supplendum
988 3491 1055 3534 esse
1084 3472 1209 3552 putavit
1236 3469 1356 3553 ἐπιμε-

133 3572 260 3638 λοῦνται
268 3600 277 3652 ;
309 3576 452 3658 exempla
475 3597 547 3640 vero
579 3577 695 3658 quibus
722 3576 880 3641 insuetam
909 3576 992 3640 hanc
1015 3576 1170 3640 rationem
1195 3577 1356 3641 stabiliret

133 3702 196 3744 non
224 3681 341 3745 attulit.
388 3681 493 3764 Atque
523 3688 642 3747 ceteros
671 3682 859 3764 interpretes
890 3703 953 3746 non
980 3681 1139 3764 integrum
1170 3703 1238 3747 esse
1268 3681 1357 3744 hunc

224 3929 242 3997 1)
263 3928 348 3982 Verba
367 3924 472 3982 εἰκότας
491 3927 524 3980 δέ
539 3949 581 3980 τοι
599 3950 622 3980 κ,
641 3949 664 3980 τ.
684 3927 705 3979 i..
725 3944 839 3996 eaquae
865 3932 942 3982 antea
961 3928 992 3982 dc
1010 3945 1115 3982 munere
1134 3928 1263 3982 senatorio
1282 3927 1355 3982 dicta

132 4021 195 4071 sunt
214 4016 442 4084 comprehendunt.

221 4109 241 4168 ιὶ)
260 4105 289 4159 L.
309 4120 330 4158 c.
349 4121 374 4172 p.
396 4108 436 4160 16.

221 4197 241 4259 ³)
261 4192 320 4246 vid.
340 4192 410 4246 infra
428 4206 460 4260 p:
472 4195 515 4248 48.

220 4283 241 4348 ⁴)
259 4281 440 4349 Xenophontis
458 4297 524 4349 quae
542 4283 646 4334 exstant
664 4296 712 4339 rec.
733 4279 882 4338 Schneider.
902 4281 954 4334 vol.
974 4281 1012 4333 Vi
1031 4279 1070 4334 ed.
1090 4280 1126 4335 ΙΙ,
1146 4281 1223 4348 Terg.
1239 4283 1318 4336 1833.
