3236 4894
859 251 899 310 20

263 454 325 536 ipsi
357 455 598 536 diligentissime
626 479 737 540 parere
760 459 929 543 coeperint,
958 465 1118 523 secuturos
1148 478 1214 521 esse
1236 456 1330 520 etiam
1354 463 1483 519 ceteros.

262 559 350 636 Quae
379 561 476 626 verba
502 583 558 626 cur
588 563 629 628 ad
660 564 823 646 scriptoris
852 573 995 648 tempora
1023 564 1134 628 referri
1158 585 1220 627 non
1242 562 1366 646 possint
1390 561 1482 626 nobis

262 687 325 730 non
350 667 466 750 liquet;
500 668 595 733 immo
619 670 813 752 scriptorem,
843 693 914 742 cum
937 670 1204 753 comparationem
1227 669 1376 732 instituat
1397 667 1482 731 inter

261 773 397 837 aliarum
424 775 587 839 civitatum
620 782 651 840 et
679 775 1002 842 Lacedaemoniorum
1032 776 1209 859 optimates
1234 795 1295 838 nou
1319 774 1423 837 minus
1446 773 1479 836 in

260 878 466 944 describendo
498 880 611 944 horum
640 882 791 965 obsequio
828 904 923 966 quarn
953 883 985 946 iu
1011 882 1193 946 denotanda
1217 881 1345 944 illorum
1369 888 1481 944 contu-

259 985 361 1049 macia
390 985 430 1049 ad
460 1007 550 1050 suam
578 993 715 1059 aetatem
752 1009 887 1070 suosque
917 989 1064 1072 aequales
1094 994 1235 1069 spectare
1267 1008 1390 1051 necesse
1421 993 1477 1051 est.

261 1089 352 1166 Quod
389 1097 495 1156 autem
528 1092 612 1157 infra
642 1094 676 1179 (ξ
710 1095 744 1179 3)
776 1094 879 1158 verbis
913 1085 987 1170 coi-g
1017 1081 1132 1169 aliod,-
1159 1093 1200 1156 ad
1230 1093 1368 1176 Lycurgi
1396 1092 1480 1156 redit

261 1198 418 1280 aequales,
449 1199 529 1262 nihil
553 1197 752 1276 offendimur,
784 1222 853 1264 curn
877 1222 894 1264 e
914 1199 1116 1264 cohaerentia
1148 1200 1215 1263 eius
1237 1198 1298 1262 loci
1319 1198 1479 1280 quomodo

259 1294 332 1380 τοὺς
355 1291 469 1380 atrata
492 1305 713 1386 intellegamus
736 1307 821 1370 clare
844 1308 974 1371 eluceat.
1021 1307 1134 1388 Itaque
1156 1304 1386 1369 restituendam.
1409 1326 1477 1368 esse

259 1411 435 1492 praesentis
457 1410 591 1474 formam
615 1406 754 1495 γίγνεται
778 1401 870 1477 valde
892 1411 1058 1495 probabile
1080 1412 1234 1476 ducimus.
1273 1410 1354 1474 Nam
1377 1411 1478 1493 perti·

259 1522 336 1579 nent
357 1517 454 1580 rerba
478 1506 558 1602 ὅπερ
582 1514 638 1579 καὶ
661 1513 802 1601 Αχίγνεται
825 1539 897 1594 non,
926 1525 962 1582 ut
984 1517 1193 1582 Naumannus
1216 1517 1375 1598 opinatur,
1388 1517 1412 1601 1)
1435 1519 1477 1581 ad

258 1626 360 1685 totum
383 1622 467 1704 quod
492 1623 654 1705 praecedit
677 1623 876 1687 enuntiatum
901 1625 955 1687 sed
972 1623 1014 1688 ad
1031 1631 1202 1688 extremum
1219 1624 1284 1686 eius
1300 1623 1477 1688 membrum

259 1723 407 1814 ἕψεσθαι
430 1727 486 1791 καὶ
508 1719 582 1805 τοὺς
604 1715 727 1805 dator-9.
767 1729 922 1812 Supplent
945 1730 1044 1812 igitur
1068 1731 1163 1794 rerba
1186 1730 1351 1811 superiora
1374 1731 1420 1793 ita
1441 1738 1479 1793 ut

258 1834 342 1916 quod
366 1841 548 1917 exspectent
568 1835 735 1918 optimates
759 1856 793 1899 re
817 1858 891 1900 rera
914 1835 983 1902 fieri
1008 1837 1142 1912 dicatur,
1165 1836 1231 1900 scil.
1255 1857 1289 1900 re
1306 1857 1379 1899 vera
1395 1842 1478 1900 cete-

257 1963 309 2006 ros
333 1942 431 2023 sequi.

344 2046 547 2111 Reicicndam
571 2067 637 2110 esse
661 2059 757 2129 quam
780 2047 988 2112 Naumannus
1012 2049 1071 2112 hoc
1094 2047 1225 2112 deloco
1252 2048 1388 2130 protulit
1405 2068 1476 2111 sen-

255 2170 388 2235 teutiam
417 2171 480 2234 iarn
510 2138 735 2236 llwilrliriskius
751 2169 776 2254 2)
809 2171 898 2248 vidit,
929 2172 984 2253 qui
1009 2171 1104 2235 verba
1121 2159 1201 2255 draeo
1222 2169 1277 2233 aul
1302 2169 1477 2257 γεγένηται,

256 2277 321 2340 sive
336 2277 516 2359 *praesentis
540 2278 604 2343 sive
620 2279 751 2361 perfecti
775 2278 862 2342 notio
886 2278 955 2342 roci
971 2274 1135 2363 pepe-'apocr
1150 2277 1321 2353 tribuatur,
1342 2298 1475 2358 prorsus

254 2381 364 2446 inania
386 2382 519 2466 ideoque
541 2383 675 2449 delenda
698 2406 764 2449 esse
786 2390 899 2448 censet.
937 2387 1187 2465 Argumentatur
1210 2383 1292 2445 enim
1315 2383 1362 2446 ita
1379 2385 1472 2465 quasi

254 2490 431 2554 necessario
463 2511 500 2554 ea
531 2491 627 2554 rerba
659 2491 699 2554 ad
731 2491 867 2574 priorem
899 2491 1055 2555 enuntiati
1085 2489 1256 2571 superioris
1279 2497 1402 2571 partem
1426 2485 1473 2571 (oi

252 2586 421 2680 κράτιστοι
441 2645 447 2658 .
464 2645 489 2658 ..
505 2645 511 2658 .
529 2586 721 2680 ὕσὲρχονῑαι
739 2647 745 2660 .
760 2647 766 2659 .
783 2646 812 2660 ..
834 2587 1078 2680 μεγαλύνονται)
1106 2593 1270 2659 referenda
1293 2594 1366 2659 siut.
1409 2595 1468 2658 Sed

252 2700 336 2766 idem
366 2701 480 2765 deinde
508 2703 625 2766 rectius
648 2702 705 2766 illa
729 2701 825 2766 verba
848 2702 889 2766 ad
912 2708 1083 2766 extremam
1107 2701 1298 2783 particulam
1323 2698 1466 2786 darentur

252 2803 308 2869 aod
337 2798 411 2884 τοὺς
440 2794 555 2884 duaa
591 2808 745 2891 respicere
781 2816 883 2890 putat,
918 2809 965 2872 ita
994 2814 1030 2872 ut
1059 2829 1172 2890 parum
1202 2806 1262 2871 sibi
1292 2807 1473 2872 constitisse

251 2913 406 2978 rideatur.

463 3037 541 3101 VllI
565 3047 592 3105 3.

338 3134 425 3221 εἰκὸς
448 3141 484 3208 δὲ
507 3141 563 3207 καὶ
586 3135 642 3231 alp
670 3141 727 3230 τῆς
757 3137 907 3231 ἐφορείας
936 3133 1068 3224 diadum
1095 3133 1169 3219 τοὺς
1197 3130 1310 3219 αὐτοὺς
1337 3133 1472 3221 τούτοις

250 3240 557 3333 συγκατασκευάσαι,
584 3245 722 3335 εἰτείιτερ
746 3245 886 3334 ἔγνωσαν
908 3240 945 3312 τὸ
968 3244 1155 3313 πείθεσθαι
1171 3246 1324 3332 μέγιστον
1341 3235 1472 3333 ἀγαθὸν

236 3345 330 3422 εἶναι
354 3353 409 3419 καὶ
433 3353 466 3418 ἐν
488 3347 584 3419 πόλει
607 3354 663 3418 καὶ
688 3353 721 3417 ἐν
746 3353 882 3441 στρατιᾷ
908 3353 963 3418 καὶ
992 3352 1024 3417 e'v
1052 3348 1141 3439 οἴκῳ.
1190 3343 1255 3439 dorp
1282 3345 1341 3440 γὰρ
1367 3351 1470 3436 μείζω

249 3452 381 3544 δύναμιν
409 3457 473 3542 ἔχει
502 3451 521 3548 ἦ
551 3448 639 3548 ἀρχή,
668 3451 811 3546 τοσούτῳ
839 3459 961 3543 μᾶλλον
988 3451 1129 3548 ἡγήσατο
1156 3448 1252 3547 ordcip
1281 3458 1337 3524 καὶ
1366 3484 1468 3524 κατα-

248 3549 382 3659 πλήξειε
403 3559 477 3644 τοὺς
499 3564 639 3644 πολίτας
660 3564 717 3631 τοῦ
739 3557 922 3631 ὗιτακοίειν.

336 3674 445 3738 Morus
479 3680 511 3740 et
539 3673 675 3738 Zeunius
699 3664 999 3758 copaurouraecdoor
1033 3673 1162 3738 verbum
1197 3673 1244 3738 ita
1267 3673 1468 3757 explicarunt

246 3786 283 3844 ut
306 3781 424 3845 valeret
446 3780 624 3863 principum
648 3780 785 3844 civitatis
809 3780 893 3844 inter
916 3802 949 3844 se
972 3801 1173 3856 consensum3
1198 3779 1283 3862 quod
1307 3781 1333 3844 si
1356 3801 1463 3845 rerum

246 3893 335 3961 esset,
352 3886 540 3968 ephororum
558 3886 789 3950 institutionem
802 3888 948 3970 Lycurgo
964 3886 1170 3968 posteriorem
1186 3887 1321 3968 scriptor
1336 3885 1462 3952 faceret.

336 4032 355 4092 ¹)
375 4027 442 4080 Sunt
466 4028 534 4080 enim
560 4029 622 4081 hacc
645 4028 700 4080 cius
724 4027 814 4080 rerba:
843 4021 916 4095 ‘quid
940 4027 1020 4080 refert
1043 4031 1132 4080 utrum
1158 4043 1222 4094 quae
1241 4026 1398 4094 praecedunt
1415 4027 1465 4079 hoc

245 4116 381 4168 enuntiato
405 4109 472 4186 ὅπερ
495 4121 538 4167 καὶ
563 4123 683 4187 γίγνεται
707 4116 803 4168 iterum
822 4116 988 4184 proferantur
1005 4116 1102 4169 necne?
1139 4115 1201 4183 quid
1221 4115 1349 4183 languida
1367 4116 1463 4182 repeti-

243 4204 313 4256 tione
332 4199 471 4258 efficitur?'

333 4295 353 4361 ίὶ)
374 4292 500 4373 Zoitschr.
520 4293 537 4346 f.
557 4292 581 4346 d.
601 4295 705 4346 oesterr.
724 4292 891 4362 Gymnasien.
921 4293 1012 4346 XXIX
1032 4309 1055 4359 p.
1076 4293 1134 4346 let.
