3236 4894
740 217 782 273 ὦ

151 443 260 486 eorum
283 443 364 504 quae
391 444 481 504 capp.
497 421 544 487 XI
566 444 634 505 sqq.
658 429 830 486 narrantur
852 443 872 485 a
894 420 1023 504 proprio
1048 419 1212 502 scriptoris
1243 418 1377 483 consilio

153 528 357 594 discederent.
392 527 453 593 Sed
475 529 540 593 1110
561 527 728 592 consilium
752 529 787 591 in
802 527 914 611 primis
931 526 1073 610 opusculi
1089 524 1201 602 verbis,
1217 525 1272 589 uhi
1290 525 1378 606 quod

156 634 323 699 consilium
346 641 499 717 sequatur
521 635 657 716 scriptor
677 635 762 699 clare
785 632 958 716 significat,
982 653 1045 696 uon
1068 637 1239 714 comparet.
1279 629 1380 693 Immo

102 731 111 748 ⁶
154 740 194 806 de
216 741 395 806 imitatione
417 741 522 822 legum
546 741 775 822 Spartanarum
799 739 881 803 nihil
905 738 1050 803 audimus
1073 737 1135 800 nisi
1166 737 1249 801 X8:
1280 732 1379 798 ἐπαι-

156 843 246 910 νοῦσι
275 837 485 928 pta-adoreo
512 836 553 908 τὰ
582 843 717 909 coruino
741 836 997 932 drurrpdaipocc,
1027 847 1206 926 praecindat
1237 840 1273 905 de*
1297 829 1380 936 adad

157 941 290 1034 οὐδεμία
322 943 421 1029 πόλις
453 949 571 1016 ἐθέλει.
623 951 694 1016 11110
717 959 823 1016 autem
852 973 889 1016 ea
918 957 1043 1015 tantum
1070 948 1283 1030 intellegenda
1312 968 1380 1011 0000

161 1049 404 1145 ἐπιτηδεύματα
427 1080 509 1142 quae
532 1080 623 1142 capp.
646 1058 864 1141 superioribus
895 1057 960 1122 sint
981 1056 1125 1140 exposita
1147 1055 1199 1118 vix
1223 1061 1270 1118 est
1293 1053 1379 1137 quod

158 1185 408 1229 commemorem.
457 1166 499 1229 Α1
521 1185 603 1248 quae
625 1186 645 1228 a
668 1186 734 1248 cap.
759 1163 806 1229 XI
829 1164 868 1229 de
889 1185 924 1228 re
945 1163 1078 1228 militari
1102 1162 1250 1226 dicuntur
1272 1159 1381 1225 omnia

158 1293 178 1335 a
201 1271 311 1335 ceteris
328 1271 458 1336 Graecis
481 1269 638 1334 imitanda
661 1291 728 1335 esse
751 1291 789 1333 011
812 1270 861 1334 his
879 1270 1005 1353 quidem
1022 1269 1126 1333 verbis
1149 1289 1212 1332 uon
1234 1265 1380 1331 efficitur.

157 1375 263 1454 Quare
286 1377 367 1440 nihil
383 1377 510 1441 obstare
525 1376 651 1441 videtur
669 1376 746 1459 quin
769 1377 902 1440 alteram
918 1375 1019 1440 libelli
1042 1371 1165 1457 partem
1186 1395 1256 1438 cum
1272 1372 1381 1455 priore

157 1482 198 1546 ab
228 1483 297 1565 ipso
325 1482 491 1565 utriusque
521 1483 676 1566 scriptore
704 1482 905 1546 coniunctam
933 1502 1000 1546 esse
1033 1481 1217 1545 indicemus.
1268 1478 1380 1560 Neque

159 1588 242 1650 enim
265 1609 355 1670 capp.
379 1587 426 1653 XI
448 1595 480 1652 01
501 1587 565 1653 XII
594 1595 816 1670 argumentum
845 1587 911 1651 ullo
942 1586 1034 1651 modo
1057 1609 1077 1650 1
1099 1586 1231 1650 00101110
1254 1584 1270 1647 I
1289 1593 1304 1648 1
1328 1585 1379 1648 in·

160 1691 265 1755 dicato
287 1693 465 1772 digreditur
473 1719 481 1769 3
512 1701 609 1775 atque
632 1695 728 1757 etiam
750 1716 817 1776 cap.
841 1692 936 1769 XIII,
967 1692 1051 1775 quod
1076 1692 1237 1756 nonnullis
1261 1689 1302 1754 ad
1326 1711 1378 1754 su-

161 1797 288 1879 periora
311 1798 417 1860 miuus
438 1799 596 1880 quadrare
620 1798 801 1875 videbatur,
825 1820 881 1863 suo
905 1819 972 1863 esse
996 1799 1064 1862 loco
1086 1797 1276 1871 iudicamus,
1306 1818 1379 1860 cum

161 1924 243 1992 quae
266 1903 351 1984 regis
381 1915 456 1968 sunt
478 1906 564 1986 apud
594 1905 766 1968 exercitum
788 1925 921 1968 munera
950 1925 1021 1967 cum
1048 1902 1217 1984 disciplina
1245 1901 1379 1966 militari

159 2015 225 2072 1111
248 2015 318 2073 arte
334 2009 500 2073 videantur
516 2031 635 2074 conexa
658 2031 725 2075 esse
747 2018 783 2076 ut
805 2011 839 2074 in
857 2011 1038 2074 universum
1060 2009 1120 2073 hoc
1136 2030 1261 2091 quoque
1284 2015 1380 2090 caput

159 2112 201 2177 ad
226 2106 467 2201 ἐπιτηδεύματα
491 2115 725 2198 Spartiatarum
747 2117 914 2200 pertineat.
959 2116 1046 2181 Idem
1070 2115 1109 2180 de
1132 2135 1199 2197 cap.
1220 2113 1280 2179 XV
1304 2135 1381 2179 sane
1464 2180 1466 2184 .

159 2220 307 2284 contendi
331 2221 451 2304 nequit,
473 2221 567 2305 quod,
590 2243 661 2286 cum
684 2244 704 2286 1
726 2223 855 2305 proprio
884 2222 985 2287 libelli
1014 2229 1202 2304 argumento
1232 2219 1380 2285 nonnihil

160 2324 310 2402 discedat,
333 2328 410 2391 satis
433 2327 496 2390 iam
513 2328 611 2392 movit
633 2329 831 2410 suspicionis,
869 2329 979 2410 Neque
995 2349 1102 2392 verum
1126 2335 1174 2392 001
1192 2327 1275 2410 quod
1292 2326 1380 2391 Nau-

159 2453 296 2496 mannus
307 2432 333 2516 1)
356 2432 442 2506 dicit,
459 2433 615 2514 scriptori,
639 2434 789 2514 quoniam
809 2434 924 2497 civium
947 2432 1053 2498 officia
1069 2455 1151 2516 quae
1174 2439 1278 2498 essent
1293 2433 1379 2497 domi

159 2537 356 2620 militiaeque
377 2538 574 2620 exposuisset
598 2537 817 2621 duplicemque
840 2537 1030 2622 ephororum
1053 2539 1208 2620 tetigisset
1239 2546 1380 2620 potesta-

162 2650 235 2720 tem,
259 2644 354 2709 etiam
377 2645 483 2727 regiae
505 2645 673 2727 potestatis
701 2651 825 2729 partem
847 2645 1050 2711 domesticam
1073 2645 1379 2709 commemorandam

159 2749 264 2814 fuisse.
310 2750 391 2815 Nam
415 2772 453 2816 01
481 2751 548 2815 0011
579 2750 787 2816 describenda
821 2758 913 2817 erant
935 2752 1080 2834 scriptori
1110 2772 1191 2834 quae
1220 2749 1262 2815 ad
1285 2749 1379 2815 disci-

157 2855 280 2938 plinam
302 2856 351 2919 101
374 2856 632 2922 consuetudinem
656 2858 976 2922 Lacedaemoniorum
1000 2858 1065 2922 sive
1087 2857 1291 2922 domesticam
1314 2857 1381 2920 0110

160 2961 329 3024 militarem
346 2960 541 3042 spectabant,
565 2982 665 3043 quare
680 2971 861 3027 senatorum
877 2985 941 3028 non
956 2964 1060 3027 minus
1077 2984 1172 3046 quam
1189 2963 1380 3045 ephororum

159 3086 292 3128 munera
314 3066 452 3148 itemque
474 3066 559 3147 regis
589 3067 622 3130 iu
645 3067 761 3130 milites
784 3066 889 3132 officia
912 3089 969 3133 suo
998 3090 1065 3134 esse
1088 3069 1156 3133 loco
1184 3090 1203 3133 a
1225 3068 1381 3150 scriptore

160 3169 304 3251 exposita
327 3192 417 3234 nemo
440 3192 504 3235 non
526 3171 618 3238 videt.
663 3172 781 3237 Verum
805 3172 882 3255 quid
905 3176 1065 3256 ceteroqui
1097 3175 1181 3256 regis
1204 3174 1381 3239 honoribus

159 3295 229 3338 cum
253 3274 422 3358 disciplina
437 3276 566 3358 publica
589 3299 752 3343 commune
775 3278 817 3343 sit
839 3300 903 3343 non
925 3278 1018 3343 facile
1041 3280 1137 3345 dicas.
1189 3279 1302 3363 Itaque
1325 3281 1382 3345 de-

158 3378 265 3445 buisse
287 3381 474 3465 scriptorem
496 3404 564 3466 cap.
580 3382 640 3448 XV
665 3385 705 3448 110
721 3406 802 3467 quae
817 3385 1011 3469 praecedunt
1033 3385 1150 3452 addere
1165 3394 1282 3451 1011010
1304 3408 1380 3452 oon-

157 3486 307 3566 tenditur.
353 3487 463 3553 Nihilo
487 3490 585 3554 setius
609 3512 628 3555 1
651 3489 861 3575 Xenophonte
891 3492 951 3557 hoc
979 3500 1074 3574 caput
1104 3493 1287 3558 abiudicare
1316 3515 1380 3557 non

157 3593 269 3669 ausim,
292 3594 319 3658 si
335 3592 462 3677 quidem
486 3616 543 3659 cur
565 3595 647 3660 illud
669 3596 830 3661 addiderit
852 3598 994 3682 aliquam
1016 3599 1114 3664 habet
1135 3600 1380 3664 excusationem.

157 3699 241 3763 Nam
263 3699 319 3783 qui
341 3699 504 3764 domestici
534 3701 619 3783 regis
649 3703 710 3767 hoc
733 3704 837 3786 capite
866 3703 1001 3770 honores
1033 3712 1273 3782 enumerantur,
1304 3705 1381 3771 licet

157 3804 199 3868 ad
222 3804 423 3887 disciplinam
451 3806 567 3870 civium
597 3828 710 3890 parum
740 3811 914 3886 attineant,
943 3832 1093 3893 magnam
1120 3818 1226 3876 tamen
1255 3818 1380 3895 partem

159 3912 202 3975 ad
224 3910 325 3992 ipsius
348 3911 432 3992 regis
455 3912 553 3976 vitam
581 3913 757 3996 civiumque
786 3936 857 3978 cum
880 3936 916 3981 eo
939 3917 1095 3981 rationem
1124 3925 1155 3982 01
1177 3918 1380 3983 consuetudi-

247 4175 453 4242 thpw
