3236 4894
866 268 907 326 34

273 481 379 559 putat3
412 494 557 556 namque,
587 473 633 538 uti
662 495 700 538 ex
730 474 800 556 ipsa
828 495 933 538 rerum
965 472 1148 539 condicione
1178 480 1209 539 et
1240 494 1256 537 e
1286 474 1390 539 verbis
1421 462 1499 539 uide*

273 578 367 646 τοίτο
396 577 493 644 ἐῶσιν
524 579 685 644 evidenter
713 585 855 662 apparet,
884 579 1034 662 Spartani
1063 601 1103 643 ne
1131 581 1164 643 in
1187 586 1359 644 statutam
1383 580 1498 664 iniquo

273 686 430 771 proelium
460 685 580 750 inirent
608 690 700 751 caute
728 685 950 768 prohibebant.
1003 685 1166 761 Quomodo
1189 693 1295 750 autem
1323 686 1387 750 tale
1410 687 1497 770 peri-

274 794 379 858 culum
419 791 569 856 evitarint
607 793 743 874 scriptor
781 790 985 874 sequentibus
1023 792 1149 856 videtur
1186 792 1290 856 verbis
1328 813 1495 876 exponere.

273 899 383 981 Pergit
406 898 505 962 enim:
536 885 605 961 ἄλλ’
628 885 825 960 άπιοέλοίσιν
846 885 866 984 ἢ
890 893 1049 973 ἐναντίους
1071 886 1267 974 άντιπάλους
1288 888 1363 974 τοὺς
1383 888 1498 980 λόχους

276 1002 460 1092 στρέφουσι,
485 1004 570 1068 unde
593 1003 723 1086 duplam
746 1003 1011 1068 Lacedaemonios
1038 1003 1073 1066 in
1094 1003 1153 1068 tali
1175 1004 1316 1087 periculo
1339 1004 1497 1071 rationem

276 1116 398 1175 secutos
414 1131 480 1174 esse
497 1110 604 1175 elucet.
640 1111 743 1192 Atque
759 1110 860 1174 altera
877 1109 1004 1192 quidem
1020 1105 1197 1195 (ἐναντίοις
1213 1159 1219 1172 .
1235 1159 1241 1172 .
1257 1159 1264 1172 .
1280 1159 1286 1172 .
1305 1108 1494 1199 στρέφουσι)

276 1218 379 1300 qualis
408 1215 506 1280 fuerit
533 1215 735 1299 perspicuum
764 1221 820 1280 est.
867 1215 1019 1280 Similiter
1042 1215 1125 1278 enim
1146 1215 1263 1281 milites
1287 1224 1388 1298 agunt
1409 1237 1444 1281 ao
1466 1217 1493 1281 si

275 1345 295 1387 a
317 1322 422 1387 fronte
445 1322 493 1386 vel
516 1321 628 1386 dextra
651 1321 699 1385 vel
719 1326 809 1403 tergo
825 1320 931 1384 hostes
947 1321 1222 1404 appropinquent:
1245 1321 1387 1403 singulos
1411 1322 1493 1387 vide-

276 1429 351 1494 licet
380 1427 559 1510 manipulos
586 1426 805 1491 sinistrorsum
828 1433 1024 1503 convertunt,
1057 1427 1163 1509 quoad
1185 1427 1329 1492 hostibus
1353 1428 1418 1492 sint
1440 1429 1496 1492 ad-

276 1534 367 1600 versi.
412 1535 456 1598 At
478 1533 560 1596 illud
582 1520 789 1610 άπιοθοίισιν,
815 1532 901 1614 quod
923 1533 1074 1615 Spartani
1096 1533 1299 1599 conversione
1322 1555 1386 1598 non
1410 1533 1499 1600 facta

276 1641 378 1704 facere
412 1639 571 1715 dicuntur,
606 1638 684 1721 quid
718 1637 760 1702 sit
793 1642 933 1703 statuere
967 1639 1072 1702 minus
1102 1660 1196 1721 quam
1227 1639 1382 1722 suspicari
1413 1640 1498 1706 licet.

277 1746 351 1830 Ipse
375 1745 458 1809 enim
481 1744 586 1826 gravis
603 1748 785 1808 armaturae
800 1745 954 1809 exercitus
969 1765 1027 1826 pro
1043 1744 1130 1809 verbi
1153 1731 1335 1808 ἀπωθοῦσι
1356 1745 1498 1811 subiecto

279 1874 350 1916 cum
374 1851 495 1917 Haasio
518 1849 630 1914 baberi
653 1872 717 1915 non
739 1855 852 1933 potest,
875 1851 902 1914 sl
926 1849 1053 1932 quidem
1075 1850 1173 1914 verba
1196 1837 1270 1914 ου’·δέ
1292 1847 1386 1915 ruico
1416 1852 1498 1937 (scil.

278 1955 467 2043 προσιέναι)
493 1954 589 2020 έιῦσιν
617 1978 680 2021 non
709 1955 895 2038 neglexeris.
941 1956 1069 2033 Verum,
1099 1957 1161 2020 nisi
1184 1956 1288 2039 ipsum
1310 1958 1498 2040 scriptorem

279 2063 340 2128 sibi
363 2062 524 2128 adversari
548 2062 634 2137 velis,
656 2061 695 2126 de
718 2061 877 2144 equitibus
899 2061 947 2125 vel
970 2062 1081 2125 leviter
1103 2062 1235 2127 armatis
1250 2062 1310 2127 hoc
1325 2064 1394 2129 loco
1411 2066 1498 2147 cogi-

276 2168 406 2234 tandum
440 2174 487 2232 est
517 2167 572 2249 qui
598 2166 716 2231 iustum
746 2167 918 2230 exereitum
941 2168 1186 2234 comitabantur.
1233 2167 1324 2245 Quod
1348 2191 1388 2233 ne
1411 2171 1497 2236 Haa-

277 2275 360 2339 sium
383 2274 510 2357 quidem
531 2274 622 2354 fugit,
645 2293 716 2336 oum
739 2273 783 2336 sic
805 2280 932 2355 pergat:
962 2262 1137 2356 tpraeterea
1161 2279 1267 2338 autem
1296 2275 1379 2357 quod
1403 2298 1496 2361 saepe

277 2379 356 2445 alibi
377 2378 415 2444 fit
436 2385 541 2462 potest
563 2378 616 2443 bic
637 2400 762 2461 quoque
784 2378 981 2443 commodum
1003 2379 1118 2456 videri3
1141 2385 1274 2462 possunt
1290 2381 1374 2446 enim
1390 2381 1494 2448 hostes

277 2490 333 2551 aut
360 2485 432 2551 telis
463 2486 585 2550 eminus
607 2485 729 2567 repelli,
759 2485 896 2550 maxime
925 2485 952 2549 si
981 2483 1158 2550 funditores
1181 2485 1300 2568 aliique
1322 2483 1419 2573 ψιλοί
1438 2489 1492 2552 ad-

277 2593 350 2668 sint,
385 2598 443 2656 aut
476 2591 648 2655 mittuntur
682 2578 899 2673 equites...>
944 2590 994 2655 Ad
1021 2590 1081 2654 hoc
1108 2591 1208 2674 igitur
1240 2613 1365 2675 pugnae
1391 2612 1486 2672 genus

278 2685 475 2761 άπιοθοῦσιν
512 2696 638 2759 videtur
676 2701 826 2778 spectare.
871 2695 981 2778 Neque
1000 2697 1119 2761 'tamen
1154 2698 1344 2763 assenserim
1373 2696 1486 2760 Haasio

278 2803 364 2887 quod
386 2803 421 2866 in
443 2803 573 2884 vulgata
589 2800 850 2884 acquiescendum
866 2822 934 2866 esse
949 2801 1118 2868 existimat.
1153 2802 1235 2867 Nam
1251 2804 1346 2868 nimis
1364 2804 1494 2869 obscura
1522 2849 1530 2856 -

278 2916 374 2993 atque
397 2909 498 2973 recisa
531 2914 579 2972 est
601 2907 704 2972 oratio
735 2929 831 2990 quarn
862 2912 899 2972 ut
927 2929 997 2973 eam
1020 2908 1168 2992 scriptori
1199 2911 1254 2992 qui
1276 2909 1498 2994 perspicuitati

279 3016 398 3097 ubique
421 3023 453 3080 et
477 3015 653 3098 elegantiae
677 3013 835 3079 studuerit
855 3014 994 3079 tribuere
1010 3014 1193 3081 audeamus.
1233 3015 1347 3100 ltaque
1370 3016 1500 3081 lacuno-

280 3143 348 3185 sum
380 3141 447 3185 esse
476 3122 561 3185 hunc
583 3121 684 3186 locum
709 3121 893 3197 iudicamus
916 3120 1015 3204 {quem
1044 3143 1109 3185 non
1131 3121 1292 3203 integrum
1315 3143 1382 3186 esse
1405 3123 1502 3187 etiam

280 3249 318 3292 ex
347 3226 550 3310 sequentibus
578 3227 785 3307 cognoscitur,
818 3226 874 3290 ubi
906 3226 1078 3290 cumulatio
1114 3221 1274 3304 ἐναντίους
1302 3215 1503 3304 ἀντιπάλους

199 3403 203 3413 ,
280 3318 436 3398 sententia
466 3331 580 3396 idonea
608 3336 703 3396 caret.
756 3330 936 3415 Stephanus
967 3332 1094 3414 quidem
1123 3320 1320 3410 ἀντιπάλους
1349 3335 1383 3397 in
1413 3320 1502 3397 άντι-

279 3430 401 3513 πάλοις
434 3436 621 3500 mutandum
657 3457 724 3501 esse
752 3437 894 3514 coniecit,
933 3437 1018 3521 quod
1048 3439 1191 3522 plerique
1222 3438 1336 3504 deinde
1366 3440 1505 3505 editores

279 3546 363 3608 inter
391 3542 553 3626 scriptoris
584 3543 681 3608 verba
709 3550 910 3626 receperunt3
946 3543 1001 3608 sed
1030 3544 1076 3608 ita
1105 3544 1192 3609 locus
1223 3567 1287 3609 non
1311 3545 1505 3623 restituitur,

280 3672 359 3727 oum,
389 3656 424 3714 ut
446 3647 631 3723 Dindorfius
660 3656 744 3714 recte
772 3649 1013 3726 animadvertit,
1042 3649 1195 3715 articulus
1218 3653 1288 3728 τοῖς
1316 3656 1390 3718 ante
1413 3638 1506 3716 άντι-

280 3746 402 3832 πάλοις
423 3755 529 3819 deesse
553 3762 698 3837 nequeat.

493 3895 573 3959 XIII
599 3904 626 3959 5.

370 3991 445 4066 ὅταν
479 3998 515 4064 δὲ
544 3999 684 4088 τελεσθῇ
712 3992 753 4064 τά
783 3992 860 4088 ἱερά,
896 3991 913 4063 d
940 3993 1090 4084 βασιλείς
1120 4000 1348 4088 προσκαλέσας
1377 3995 1508 4082 πάντας

280 4104 498 4194 παραγγέλλει
525 4098 566 4170 τά
596 4104 745 4194 ποιητέα.
799 4096 882 4171 ὥστε
906 4105 985 4193 οριῦν
1007 4104 1108 4171 ταῦτα
1128 4098 1264 4196 ἡγήσαιο
1287 4096 1326 4172 lb
1348 4099 1422 4187 roi-g
1444 4109 1507 4192 μέν

281 4199 396 4288 άλλους
432 4200 703 4294 αιῖτοσχεδιαστὰς
731 4203 813 4276 εἶναι
846 4210 910 4276 τῶν
940 4210 1189 4299 στρατιωτικῶν,
1215 4210 1506 4298 Λακεδαιμονίοις

281 4316 318 4382 di
339 4310 456 4400 μόνους
477 4316 524 4405 τῷ
546 4305 614 4382 dm
635 4313 779 4401 τεχνίτας
800 4316 864 4382 τῶν
887 4317 1082 4402 πολεμικῶν.
