3236 4894
665 229 773 320 „st

158 457 244 498 mum
268 455 345 518 quos
368 455 480 508 mores,
512 455 590 516 quas
619 435 704 515 leges
726 433 822 498 ceteri
852 436 1058 513 sequerentur
1081 430 1195 496 Graeci
1224 437 1379 506 narraret,

1 576 9 613 2
97 551 100 556 '
158 541 288 606 deiude·
303 547 473 623 exponeret
502 561 584 622 quae
612 539 775 624 Lycurgus
803 539 867 602 illis
897 538 1029 602 meliora
1059 536 1258 601 instituisset.
1311 536 1380 602 Iam

158 648 253 712 sicuti
284 668 334 712 res
364 647 551 718 tractandae
582 646 741 720 ferebant,
771 652 827 736 aut
858 644 1000 726 singulas
1028 643 1165 726 Lycurgi
1195 644 1279 726 leges
1310 665 1381 707 cum

160 753 298 836 singulis
322 757 496 817 ceterarum
526 752 691 816 civitatum
713 750 889 833 composuit
919 755 976 813 aut
997 749 1173 832 complures
1202 755 1273 812 cuin
1297 769 1381 813 com-

112 940 114 944 Ι
157 859 315 942 pluribus
361 857 431 934 Qua
453 859 487 921 in
510 878 545 920 re
568 878 638 920 cum
668 857 791 920 ratione
814 861 957 919 versatus
986 861 1034 919 est
1063 863 1093 918 et
1116 855 1264 936 consilio!
1279 877 1381 938 noque

158 987 301 1047 unquam
332 960 507 1046 ceterorum
536 983 637 1026 mores
666 961 848 1045 descripsit,
882 961 959 1044 quin
989 967 1136 1025 accurate
1167 982 1219 1025 eas
1250 960 1381 1026 adderet

160 1072 245 1151 leges
269 1069 448 1152 Lycurgeas
471 1068 638 1151 quasillis
662 1067 852 1151 respondere
880 1067 1072 1137 viderentur.
1123 1066 1273 1132 Conferas
1297 1067 1381 1132 enim

159 1176 192 1238 Il
219 1183 329 1251 1.—6‚.
350 1175 404 1239 ubi
436 1175 666 1256 depuerorum
688 1174 797 1256 agitur
819 1173 997 1239 eruditione
1026 1179 1057 1237 et
1085 1179 1260 1265 ceterorum
1283 1173 1383 1238 Grae·

72 1270 75 1276 ’
157 1302 268 1370 corum
297 1287 329 1344 et
357 1277 607 1364 Spartiatarum
643 1287 740 1363 atque
774 1283 794 1360 ξ
820 1289 834 1341 1
859 1279 986 1361 quidem
1015 1285 1190 1345 ceterorum
1218 1279 1382 1344 erudiendi

159 1388 253 1462 ratio,
275 1390 315 1468 ἓξ
340 1395 429 1472 2-6,
455 1386 624 1469 disciplina
655 1385 819 1476 Lycurgea
849 1387 1023 1468 profertur,
1052 1407 1148 1468 quam
1177 1386 1305 1449 omnino
1341 1384 1383 1449 ab

158 1494 218 1558 illa
241 1493 421 1576 discrepare
443 1492 568 1574 longius
594 1493 807 1575 explanatur,
834 1491 976 1574 Itemque
1000 1492 1078 1556 Vll
1117 1498 1285 1574 postquam
1308 1512 1383 1556 nar-

159 1599 243 1663 ravit
264 1600 400 1681 scriptor
431 1598 509 1662 alibi
538 1619 611 1662 suos
634 1618 789 1680 quemque
818 1618 926 1679 regere
949 1597 1084 1674 liberm,
1115 1599 1180 1662 suis
1211 1597 1259 1662 uti
1285 1597 1383 1662 serris

79 1707 82 1712 “
158 1714 259 1788 atque
281 1705 386 1780 rebus
416 1703 529 1768 deinde
551 1704 691 1767 ostendit
713 1703 847 1787 Spartae
870 1710 901 1767 et
922 1703 1039 1767 liberos
1067 1702 1109 1767 ab
1132 1703 1278 1767 omnibus
1301 1724 1385 1767 com-

161 1811 302 1876 muniter
331 1809 400 1891 regi
430 1817 460 1872 et
491 1830 653 1873 servorum
682 1829 851 1891 rerumque
874 1809 1015 1873 omnium
1049 1809 1196 1894 (canum,
1225 1829 1384 1891 equorum,

160 1915 321 1999 ciborum)
344 1935 539 1979 communem
561 1935 627 1978 esse
649 1936 750 1978 usum.

252 2021 320 2085 lam
343 2021 504 2084 videamus
533 2042 608 2083 num
630 2020 690 2083 hoc
713 2041 840 2102 quoque
862 2020 902 2084 de
933 2041 995 2102 quo
1024 2021 1131 2102 agitur
1154 2021 1222 2085 loco
1249 2020 1385 2103 scriptor

160 2127 224 2191 sibi
241 2132 385 2190 constare
401 2126 557 2190 videatur.
593 2126 750 2208 Loquitur
766 2133 872 2191 autem
896 2125 973 2211 περὶ
992 2122 1210 2204 τεκνοποιίας,
1233 2133 1270 2191 ut
1285 2127 1385 2208 ipsius

142 2241 236 2298 *utar
265 2232 378 2309 verbis,
408 2253 445 2296 ao
472 2232 610 2314 primum
633 2232 672 2296 de
698 2232 875 2314 puellarum
902 2217 1111 2297 educatione.>
1153 2235 1260 2315 Atque
1289 2233 1384 2297 ceteri

162 2338 292 2420 quidem
323 2338 453 2412 Graeci,
482 2338 528 2401 ait
555 2336 619 2400 fere
648 2341 719 2418 53,
751 2359 847 2421 quam
877 2339 1062 2421 parcissimo
1103 2338 1225 2420 puellas
1253 2338 1324 2402 cibo
1355 2345 1386 2402 et

164 2451 243 2526 potu
274 2444 422 2508 nutriunt
430 2469 438 2519 ;
466 2444 575 2507 vinum
603 2463 676 2507 vero
707 2450 765 2507 aut
794 2445 916 2507 nullum
945 2445 985 2508 iis
1015 2444 1169 2526 praebent
1199 2450 1256 2508 aut
1283 2465 1386 2526 aquae

163 2550 316 2626 mixtum3
347 2549 483 2632 denique
506 2555 660 2630 tanquam
683 2548 810 2631 opifices
834 2550 889 2632 qui
912 2549 1055 2615 sedentes
1078 2549 1177 2613 vitam
1200 2557 1316 2632 agunt,
1338 2551 1386 2614 ita

163 2656 249 2720 filias
272 2656 382 2720 volunt
405 2655 548 2718 sedentes
571 2655 678 2719 lanam
701 2661 815 2720 texere.
870 2654 989 2720 Contra
1012 2655 1176 2738 Lycurgus
1200 2656 1260 2742 (ita
1282 2657 1387 2738 pergit

163 2767 184 2843 ξ
214 2761 248 2845 4)
279 2762 433 2843 ingenuas
462 2761 600 2843 puellas,
623 2782 769 2842 quarum
801 2782 956 2824 summum
987 2768 1069 2827 esset
1097 2761 1215 2825 liberos
1241 2762 1386 2844 pariendi

166 2867 315 2939 officium,
338 2867 476 2950 primum
499 2887 633 2948 corpora
660 2866 747 2930 haud
776 2867 880 2931 minus
904 2888 1049 2933 exercere
1078 2867 1171 2932 iussit
1195 2888 1289 2950 quam
1312 2868 1387 2931 viri·
1479 2881 1482 2886 '

163 2974 226 3037 lem
256 2975 381 3048 sexumss
416 2972 530 3037 deinde
564 2978 600 3036 nt
629 2972 705 3036 viris
738 2973 785 3035 ita
819 2973 1006 3037 mulieribus
1041 2973 1215 3038 certamina
1248 2973 1389 3038 instituit
1478 3022 1481 3028 ,

162 3099 275 3142 cursus
298 3098 336 3141 ao
359 3077 493 3153 roboris,
523 3084 625 3153 ratuS,
654 3077 681 3140 si
704 3078 831 3160 utrique
854 3084 959 3143 essent
980 3079 1122 3155 robusti,
1153 3079 1249 3144 etiam
1271 3080 1388 3145 liberos

164 3185 232 3248 fore
255 3182 457 3247 robustiores.
502 3183 645 3265 Apparet
667 3182 743 3246 haec
766 3205 848 3265 quae
871 3183 910 3248 de
933 3184 1099 3266 Spartanis
1122 3186 1326 3268 proferantur
1348 3186 1388 3250 iis

163 3309 248 3373 quac
277 3289 317 3352 de
339 3288 450 3353 ceteris
483 3288 630 3352 dicantur
653 3289 783 3354 Graecis
812 3311 926 3372 parum
955 3290 1153 3373 respondere.
1206 3291 1288 3356 Nam
1311 3292 1389 3376 quid

164 3417 281 3480 parcus
297 3401 472 3460 ceterarum
489 3395 649 3476 virginum
671 3395 772 3460 victus
793 3404 1066 3473 commemoratur,
1089 3398 1116 3462 si
1132 3397 1389 3481 quidLyourgus

163 3525 203 3566 ea
226 3502 321 3567 dere
344 3501 540 3584 praeceperit
569 3523 632 3566 non
661 3501 834 3568 audimus?
879 3502 940 3566 Hic
963 3503 1073 3592 procul
1104 3502 1201 3567 dubio
1225 3504 1303 3567 satis
1324 3504 1390 3568 lar-

165 3630 241 3690 gum
274 3608 397 3690 puellas
426 3629 548 3670 sumere
576 3608 682 3678 cibum
711 3608 812 3683 iussit,
847 3629 886 3671 ne
924 3609 957 3672 in
988 3608 1174 3692 corporibus
1209 3609 1389 3675 exercendis

167 3713 248 3776 vires
279 3735 332 3778 eas
361 3711 538 3784 deficerent,
587 3714 705 3776 Verum
728 3713 841 3797 quidni
871 3715 932 3779 hoc
961 3724 1070 3797 aperte
1101 3715 1239 3780 dicitur?
1284 3713 1391 3790 Quare

165 3839 249 3901 quae
272 3818 313 3883 ad
336 3819 566 3902 Spartanarnm
581 3819 700 3884 victum
722 3821 919 3902 pertinerent
942 3821 1095 3885 excidisse
1110 3820 1206 3886 verba
1227 3820 1390 3903 complura

166 3924 385 3988 existimamus
413 3927 535 3990 assensi
563 3925 753 4018 Weiskio,1)
785 3927 840 4009 qui
876 3925 1050 3991 desiderari
1079 3927 1203 4010 aliquid
1231 3925 1291 3991 hoc
1321 3927 1390 3992 loco

166 4038 252 4096 recte
281 4031 516 4096 animadvertit.
574 4031 679 4115 Atque
714 4031 883 4096 statuenda
919 4032 1044 4096 videtur
1073 4031 1189 4098 lacuna
1223 4054 1289 4099 esse
1318 4040 1391 4116 post

258 4261 1077 4338 &mmmmmmmffifflffimmwdss

1184 4354 1229 4416 1*
