3236 4894
839 184 877 240 14

249 391 449 458 enuntiatum
471 388 552 454 illud
575 389 622 452 ita
638 387 748 454 vertit:
770 377 809 453 ‘si
827 390 898 472 quis
916 388 974 454 hos
997 389 1091 482 (quos
1114 374 1219 472 ἄρχειν
1239 386 1339 471 videt)
1362 395 1469 470 patres

250 518 319 564 esse
341 497 508 578 intellegat
530 516 637 560 eorum
654 517 733 578 quos
756 497 823 580 ipse
845 495 927 578 regit
948 516 1071 578 pueros
1094 515 1219 560 necesse
1241 501 1289 558 est
1309 496 1356 558 ita
1378 501 1471 575 regat

249 605 297 668 uti
320 624 393 668 suos
416 622 542 685 quoque
565 600 633 682 regi
656 588 750 666 velit'
797 602 878 666 Noni
901 600 985 683 quod
1009 602 1105 666 verba
1131 591 1223 684 ‘quos
1245 587 1350 684 ὅρχαν
1373 587 1469 663 videt'

249 710 355 775 nescio
378 707 461 773 uude
483 705 644 784 subaudit,
670 707 766 772 timeo
796 729 835 771 ne
863 728 921 772 sua
950 707 1114 789 scriptoris
1136 707 1239 772 verbis
1266 714 1383 771 temere
1411 707 1471 768 im·

248 817 379 881 miscere
401 813 555 878 rideatur.
601 815 706 896 Atque
737 813 812 879 licet
842 813 899 877 illa
929 814 1070 896 suppleri
1097 812 1236 897 possint,
1265 819 1371 878 tamen
1400 833 1472 876 seu·

248 921 349 986 tentia
377 918 508 1002 obliqua
536 919 674 994 exsistit,
717 939 786 982 cum
819 919 951 983 mutatis
981 920 1086 1002 potius
1120 918 1270 983 membris
1302 917 1470 983 dicendum

250 1028 307 1092 sit:
346 1025 373 1090 si
407 1025 477 1108 quis
512 1024 569 1088 hos
592 1011 698 1110 ἄρχειν
720 1025 886 1107 intellegat
919 1045 999 1108 quos
1028 1033 1134 1108 patres
1165 1045 1232 1090 esse
1255 1025 1340 1090 videt
1363 1045 1470 1089 eorum

249 1154 329 1216 quos
352 1131 419 1214 ipse
442 1131 524 1212 regit
546 1151 670 1214 pueros,
699 1150 824 1195 necesse
853 1136 900 1194 est
922 1151 989 1212 sqq.
1043 1129 1221 1215 steinius1)
1250 1137 1357 1196 autem
1386 1129 1473 1194 diffi-

251 1238 404 1303 cultatem
418 1236 480 1301 looi
503 1237 549 1300 ita
573 1236 634 1300 sibi
656 1236 768 1301 tollere
784 1236 908 1302 videtur
931 1243 967 1299 ut
988 1256 1095 1300 vocem
1119 1217 1206 1300 οἶνοι
1229 1237 1263 1299 in
1284 1221 1377 1299 ditor
1399 1257 1471 1299 mn-

250 1342 384 1408 tandam
408 1363 475 1408 esse
497 1348 640 1418 censeat,
671 1363 768 1424 quam
790 1341 1041 1407 emendationem
1071 1363 1107 1406 eo
1131 1362 1198 1406 esse
1223 1343 1471 1425 probabiliorem

250 1448 390 1514 affirmat
413 1448 498 1532 quod
521 1448 554 1510 in
577 1447 738 1512 codicibus
767 1455 893 1530 praeter
923 1437 972 1510 ὅτι
1004 1428 1089 1512 οἶτον
1121 1447 1247 1530 legatur
1277 1437 1324 1511 ὅτι
1355 1471 1405 1512 τοι
1436 1444 1468 1512 oi

250 1555 298 1620 vel
323 1543 373 1618 ὅτι
397 1549 442 1618 ἔτι
469 1548 509 1618 oi.
556 1552 617 1620 Sed
640 1573 746 1618 errore
777 1553 832 1618 ille
854 1561 966 1636 captus
991 1559 1056 1636 est;
1088 1575 1161 1618 nam
1184 1575 1292 1618 omues
1315 1561 1392 1637 quot
1414 1576 1471 1620 no-

249 1663 351 1726 rimus
374 1661 498 1726 codices
530 1649 580 1723 ὅτι
610 1641 696 1723 οἶνοι
733 1659 883 1725 exhibent
909 1666 1006 1755 atque
1035 1649 1083 1724 ὅα
1118 1683 1168 1724 τοι
1203 1654 1250 1739 ob,
1281 1649 1329 1723 ὅτι
1360 1656 1407 1724 ἔτι.
1439 1657 1470 1725 oi

250 1768 450 1833 coniecturae
483 1772 608 1831 tantum
642 1773 717 1831 sunt
747 1765 866 1831 Zeunii.
879 1766 906 1850 ²)
963 1767 1081 1832 Verum
1113 1772 1149 1831 ut
1181 1768 1472 1849 praetermittamus

252 1873 365 1939 Steinii
388 1873 597 1938 mutationem
613 1893 632 1935 a
648 1872 827 1936 litterarum
851 1872 1058 1936 similitudine
1079 1894 1142 1937 non
1158 1873 1292 1938 multum
1315 1895 1473 1938 commen-

250 1980 330 2055 dari,
361 2001 400 2044 ne
431 1977 621 2042 senteutiam
653 1977 779 2060 quidem
813 1978 890 2040 satis
919 1984 1029 2060 aptam
1060 1977 1163 2043 efficit.
1221 1978 1271 2043 An
1303 1986 1473 2063 propterea

250 2084 334 2168 quod
357 2085 413 2148 alii
442 2083 556 2146 horum
587 2102 667 2165 quos
697 2082 779 2162 regit
806 2087 915 2164 patres
945 2081 1019 2145 su'ut
1047 2085 1223 2149 necessario
1255 2086 1473 2168 unusquisque

249 2191 364 2255 leniter
387 2190 495 2269 reget?
540 2187 638 2251 Immo
662 2193 815 2251 nontam
846 2187 931 2270 quod
962 2189 1018 2252 alii
1043 2197 1133 2253 erant
1155 2196 1279 2274 patres,
1309 2191 1364 2256 sed
1387 2193 1472 2274 quod

250 2297 273 2360 ii
299 2295 354 2377 qui
384 2299 491 2377 patres
514 2277 608 2359 erant
632 2294 823 2376 pariatque
853 2294 914 2377 ipsi
937 2295 1108 2359 utebantur
1130 2296 1279 2380 imperio,
1309 2299 1394 2380 quod
1422 2299 1471 2362 illi

250 2403 284 2465 in
308 2421 381 2465 suos
405 2400 497 2468 sicuti
521 2401 584 2484 ipsi
607 2401 640 2464 in
663 2401 790 2465 illorum
810 2421 926 2484 pueros
949 2401 1261 2468 animadvertebant:
1285 2424 1320 2467 eo
1344 2405 1470 2469 demum

250 2513 287 2572 ut
309 2507 470 2571 remissius
492 2508 642 2591 punirent
664 2508 952 2572 commovebantur.
1005 2508 1111 2590 Atque
1134 2529 1239 2573 veram
1261 2510 1322 2574 loci
1345 2517 1471 2575 senten·

252 2615 330 2678 tiam
352 2635 392 2680 ne
414 2613 523 2678 Morus
557 2613 685 2696 quidem
714 2615 883 2696 perspexit,
912 2613 1029 2695 quippe
1059 2615 1114 2697 qui
1145 2620 1217 2698 post
1246 2602 1335 2700 ὂὶρχει
1364 2638 1471 2682 vocem

250 2719 402 2786 excidisse
430 2719 510 2783 talia
539 2718 604 2784 fere
634 2725 777 2800 putaret:
814 2713 848 2781 οἳ
875 2705 914 2781 dv
944 2716 1007 2782 τῶν
1038 2714 1150 2783 ἑαυτοῦ
1178 2707 1284 2804 ἄρχειν
1314 2714 1469 2786 dinemo.

250 2826 310 2891 Sed
332 2827 459 2909 plenam
481 2824 564 2888 hanc
587 2825 693 2906 potius
715 2824 888 2888 orationem
906 2845 972 2889 csse
995 2832 1145 2908 apparet:
1168 2827 1195 2890 si
1218 2828 1290 2910 quis
1313 2829 1392 2893 sciat
1414 2851 1472 2912 pa-

249 2940 313 2996 tres
347 2952 454 2996 eorum
484 2951 561 3013 quos
591 2931 658 3012 ipse
689 2935 780 3012 regat
809 2929 981 2996 liberorum
1013 2932 1047 2996 in
1078 2932 1177 3015 ipsius
1208 2933 1325 2999 habere
1354 2934 1471 2999 liberos

248 3037 425 3119 imperium,
448 3037 494 3100 ita
517 3042 607 3117 regat
629 3057 754 3100 necesse
777 3043 825 3102 est
846 3037 893 3101 uti
916 3058 987 3102 suos
1011 3059 1138 3120 quoque
1153 3021 1227 3121 ¹regi
1251 3039 1334 3104 velit.
1381 3041 1471 3105 Hanc

251 3143 350 3223 igitur
379 3148 416 3206 ut
445 3143 665 3206 nanciscamur
694 3144 901 3217 sententiam,
936 3165 1040 3207 vocem
1077 3125 1165 3208 οἶνοι
1192 3152 1373 3229 corruptam
1403 3169 1472 3211 esse

249 3248 420 3313 statuimus
442 3269 481 3312 ex
505 3242 536 3311 οἱ
558 3235 652 3312 αὐτοί
674 3257 769 3331 atque
791 3254 863 3332 post
885 3235 989 3333 doxa,
1020 3249 1075 3316 ubi
1098 3251 1245 3315 lacunam
1273 3273 1340 3317 esse
1363 3251 1472 3317 Morus

249 3353 327 3418 bene
350 3355 505 3436 cognovit,
528 3355 624 3419 verba
647 3355 811 3437 complura
837 3354 972 3437 perisse,
1004 3361 1040 3419 ut
1070 3357 1241 3437 genuinum
1271 3359 1471 3423 enuntiatum

248 3459 312 3523 tale
335 3458 400 3526 fere
422 3459 532 3524 fuerit:
562 3451 616 3523 ἐὰν
639 3457 755 3536 δέ’νις
777 3455 846 3546 εἰδῇ
877 3449 926 3523 ὅτι
951 3453 985 3524 oi
1010 3447 1128 3525 odaei
1159 3460 1297 3549 πατέρες
1319 3459 1383 3528 εἶσὶ
1407 3461 1473 3528 τῶν

248 3560 379 3629 παίδων
396 3547 440 3630 ὧν
456 3554 551 3643 αὐτὸς
567 3552 654 3650 dcxci
672 3564 770 3644 <aui
794 3563 858 3630 τῶν
880 3561 993 3630 {uruca
1008 3554 1209 3654 dolorum>
1232 3557 1353 3657 ἀνάγκη
1366 3571 1466 3634 aab

461 3708 522 3772 vu
546 3716 640 3771 4-5,

338 3802 412 3878 odda*
433 3807 496 3901 μὴν
517 3811 574 3876 τοῦ
597 3836 631 3898 γε
660 3810 706 3890 εἷς
736 3806 810 3891 τοὺς
833 3806 1006 3900 carmiuare
1039 3810 1119 3895 ἕνειν
1150 3815 1299 3880 δαντανᾶν
1325 3809 1470 3905 χρήματα

246 3906 451 4004 ἄθροισῑέον,
478 3917 552 3982 ἐπεὶ
575 3911 613 3982 τὸ
645 3917 689 4005 τῷ
720 3913 845 4003 σώματι
871 3917 1031 3983 πονοῦντα
1064 3909 1199 4008 ὠφελεῖν
1224 3914 1298 4000 τοὺς
1321 3916 1470 4002 σννέννας

340 4115 358 4181 1)
378 4113 407 4167 n.
427 4131 447 4167 ο.
467 4085 491 4182 13.
511 4117 552 4169 ar.

337 4204 357 4269 ¹²)
377 4202 416 4256 Cf.
436 4203 517 4259 Haas.
538 4202 576 4256 ed.
596 4219 620 4271 p.
642 4206 692 4257 135
712 4202 771 4256 adn.
790 4204 847 4256 crit.
