3236 4894
743 235 781 292 23

146 429 367 526 χρηματισμὸς
383 431 603 519 σπουδάζοιτο
625 434 708 502 ttae
730 428 749 526 ἡ
765 435 878 525 κτῆσις
900 433 1032 513 πλείονι-ς
1047 427 1154 512 λέπας
1176 423 1195 522 ἢ
1219 424 1238 521 ἦ
1260 431 1372 522 χρῆσις

147 533 343 632 εὖφροοένας
364 543 499 630 παρέχει
521 546 651 610 minime
674 545 849 628 quadrant3
880 543 1042 626 peroratio
1065 549 1171 606 autem
1201 541 1296 604 huius
1318 562 1371 605 ca-

146 651 223 734 pitis
247 648 392 736 (ντολλῶν
421 647 458 714 δὲ
487 648 543 714 καὶ
573 637 678 714 datm
708 636 806 714 dautur
827 640 1060 736 μηχανημάτων
1091 642 1198 710 καλῶν
1226 643 1272 732 τῷ
1295 651 1372 710 Λτ·

147 748 271 841 κοτ’·ρμμ
294 779 324 819 a.
348 780 376 820 τ.
400 755 444 836 λ.)
474 757 550 822 talis
573 763 621 821 est
650 762 687 820 ut
709 757 863 822 maiorem
887 754 1047 838 quandam
1076 752 1219 836 opusculi
1247 759 1371 836 partem

147 861 271 926 finitam
301 883 369 928 esse
398 861 490 928 facile
520 869 736 944 cognoscatur.
782 866 930 926 Attamen
959 861 1064 943 capite
1087 858 1134 924 IX
1163 858 1300 940 scriptor
1322 858 1371 920 in-

149 969 298 1033 stitutum
321 974 541 1050 argumentum
564 967 674 1033 eadem
696 989 759 1051 qua
781 974 856 1031 ante
878 989 945 1050 cap.
962 965 1041 1031 VIII
1063 965 1188 1030 ratione
1208 962 1371 1046 persequi-

146 1081 209 1151 tur,
232 1096 304 1138 cum
326 1074 514 1156 ignavorum
545 1075 661 1138 civium
683 1093 818 1157 poenam
847 1079 943 1155 atque
972 1071 1179 1154 ignominiam
1202 1069 1370 1134 describat.

147 1181 297 1264 Sequitur
319 1203 388 1263 cap.
410 1181 450 1257 X,
473 1202 535 1264 quo
558 1180 598 1244 de
620 1181 777 1245 bonorum
800 1179 914 1264 civium
937 1177 1079 1260 praemio
1107 1176 1189 1262 (scil.
1212 1174 1371 1256 dignitate

147 1287 322 1371 senatoria)
358 1293 390 1351 et
418 1287 458 1351 de
490 1287 650 1350 communi
683 1287 837 1350 virtutum
871 1285 1011 1349 omnium
1047 1281 1153 1346 studio
1186 1281 1369 1356 disseritur3

146 1397 286 1457 extremo
310 1392 425 1456 deinde
448 1392 543 1456 huius
559 1391 673 1474 capitis
696 1391 863 1455 enuntiato
886 1377 983 1476 (ἀλλὰ
1007 1379 1066 1473 γὰρ
1091 1376 1141 1451 ὅτι
1163 1383 1223 1468 μὲν
1246 1381 1370 1449 anatot·
1413 1457 1422 1472 .

144 1521 238 1562 τατοι
262 1479 350 1561 οὗτοι
375 1492 406 1560 oi
429 1489 522 1579 νόμοι
543 1493 606 1561 εἰσὶ
631 1495 750 1584 σαφές·
775 1486 792 1560 ὃ
816 1486 875 1582 γὰρ
897 1492 1088 1579 Λυκοῦργος
1111 1517 1141 1556 κ.
1157 1516 1185 1556 τ.
1202 1491 1247 1576 λ.)
1270 1492 1371 1574 priori

144 1603 245 1668 libelli
274 1603 359 1685 parti
381 1602 454 1667 finis
490 1604 674 1686 imponitur.
720 1603 757 1666 In
779 1609 929 1685 promptu
961 1611 1009 1666 est
1039 1621 1107 1682 cap,
1132 1597 1209 1663 VIII
1240 1604 1371 1680 propter

145 1716 384 1790 argumentum,
413 1709 594 1783 exordium,
627 1709 861 1790 perorationem
892 1707 992 1771 totius
1023 1704 1175 1769 materiae
1204 1698 1371 1768 contiuua-

145 1814 264 1879 tionem
286 1815 526 1896 interrumpere.
573 1814 744 1879 Videamus
777 1813 877 1896 igitur
900 1813 939 1876 de
961 1833 998 1876 eo
1020 1832 1112 1893 quem
1136 1809 1275 1874 Steiuius
1297 1830 1372 1892 pro-

144 1921 253 2004 posuIt
276 1920 395 1984 ordina.

147 2040 151 2048 '
235 2026 294 2091 Est
316 2033 432 2103 autern,
455 2026 483 2089 si
506 2026 555 2090 vel
579 2025 682 2090 obiter
704 2025 789 2089 hunc
810 2025 953 2089 libellum
976 2024 1077 2106 legas,
1107 2021 1309 2106 perspicuum
1330 2040 1369 2082 ex

143 2131 269 2197 duabus
300 2153 372 2196 eum
402 2138 547 2196 constare
580 2132 736 2215 partibus,
769 2152 903 2214 quarum
938 2130 1072 2194 alteram
1104 2129 1257 2192 maiorem
1285 2146 1370 2190 com-

143 2239 240 2322 plecti
262 2260 352 2321 capp.
376 2237 426 2301 1-
438 2237 477 2313 X,
499 2239 634 2302 alteram
656 2238 809 2301 minorem
832 2234 1139 2319 capp.X1-xv.1)
1185 2231 1276 2310 Quod
1299 2253 1369 2296 cum

144 2344 343 2426 intellegeret
365 2343 506 2420 Erlerus,
530 2345 608 2408 duas
634 2343 692 2407 has
715 2350 823 2426 partes
846 2343 1013 2407 continuas
1037 2362 1104 2406 esse
1126 2338 1296 2423 negavitl)
1317 2338 1368 2401 cui

144 2469 236 2514 nemo
259 2471 335 2514 saue
358 2450 556 2515 assentietur.
592 2453 741 2514 Attamen
763 2450 824 2514 lroc
845 2453 978 2524 constat,
1001 2468 1136 2529 eaquae
1159 2445 1233 2509 inde
1256 2434 1275 2508 a
1299 2465 1366 2525 cap·

143 2554 191 2618 XI
214 2556 254 2621 de
276 2577 310 2619 re
332 2556 482 2632 militari,
512 2556 683 2630 castrensi,
715 2554 827 2620 officiis
855 2575 965 2636 regum
988 2554 1192 2636 proferantur
1215 2573 1234 2615 a
1256 2550 1363 2632 priore

143 2668 244 2745 parte,
266 2661 322 2726 ubi
345 2662 523 2745 disciplina,
546 2663 641 2745 leges,
663 2662 836 2727 domestica
855 2660 992 2745 Lycurgi
1015 2658 1162 2725 instituta
1185 2662 1368 2731 narrentur,

143 2788 340 2850 summopere
363 2767 498 2835 differre.
537 2769 597 2835 Vel
619 2770 694 2834 inde
716 2769 844 2851 colliges
867 2788 963 2850 quam
985 2787 1048 2830 uon
1073 2765 1115 2829 sit
1136 2761 1302 2846 probabile
1325 2783 1364 2825 cx

144 2874 247 2937 altera
275 2880 366 2954 parte
396 2873 552 2955 quaedam
580 2881 726 2940 exsecuta
758 2876 793 2938 in
823 2875 957 2939 alteram
986 2880 1203 2954 transponere.
1260 2872 1365 2949 Atque

146 2978 231 3041 inter
255 2984 443 3058 argumenta
465 2999 555 3060 capp.
572 2979 651 3044 VIII
674 2987 706 3044 et
727 2981 788 3044 XV
812 2985 934 3062 quanta
956 2977 1131 3042 intercedat
1152 2973 1367 3058 discrepantia

145 3083 239 3148 facile
261 3090 308 3147 est
330 3083 371 3148 ad
393 3084 649 3168 intellegendum.
695 3085 817 3166 Capitis
839 3084 899 3150 XV
924 3085 1008 3148 enim
1039 3082 1073 3146 id
1101 3103 1168 3147 esse
1196 3102 1365 3163 argumen-

145 3195 214 3253 tum
236 3196 371 3272 apparet
393 3190 478 3272 quod
501 3190 563 3254 nisi
585 3190 620 3255 in
642 3189 705 3254 fine
727 3190 827 3254 libelli
851 3189 984 3254 tractari
1008 3210 1071 3253 nou
1093 3188 1240 3270 potuerit.
1285 3185 1368 3250 Nam

145 3316 227 3378 quae
256 3295 341 3359 dorni
371 3304 447 3360 sunt
473 3311 583 3378 regum
606 3295 726 3372 officia,
755 3296 945 3367 auctoritas,
975 3295 1111 3359 honores
1140 3295 1182 3358 ad
1204 3293 1368 3376 propriam

144 3400 242 3465 huius
266 3403 484 3468 commentarii
517 3403 683 3467 materiam
706 3403 810 3466 minus
833 3403 980 3479 attinent,
991 3401 1017 3486 3)
1032 3408 1083 3490 ‚ut
1114 3384 1286 3484 genuinum
1308 3398 1368 3461 hoc

144 3513 226 3572 essct
257 3516 353 3590 caput
382 3529 479 3573 necue
510 3510 604 3573 multi
635 3509 859 3576 dubitaverint.
914 3507 1019 3586 Quare
1051 3508 1105 3590 qui
1139 3504 1368 3571 vindicandum

152 3687 523 3696 ———.-—.-.-———--—-.

236 3807 255 3873 ¹)
276 3807 331 3860 Hoc
350 3809 405 3875 ipso
423 3810 518 3877 capitis
536 3809 575 3862 XI
595 3810 670 3862 initio
689 3813 808 3878 apparet:
828 3815 873 3860 καὶ
890 3809 976 3860 ταῦτα.
995 3813 1045 3876 μὲν
1064 3803 1097 3874 δὴ
1117 3801 1193 3859 κοινὰ
1213 3800 1308 3877 ἀγαθὰ
1321 3811 1366 3856 καὶ

145 3897 174 3944 ἐν
200 3891 290 3966 εἰρήνῃ
310 3901 354 3946 καὶ
379 3901 408 3946 ἐν
432 3895 552 3964 πολέμῳ·
585 3899 609 3949 εἰ
633 3897 665 3950 de'
687 3919 727 3952 rra
753 3895 880 3965 βούλεται
907 3897 1081 3964 καταμαθεῖν
1104 3889 1118 3948 b'
1142 3917 1169 3946 τι
1192 3900 1237 3946 καὶ
1262 3896 1298 3949 εἰς
1320 3889 1368 3948 τὰς

514 3979 525 3995 τ

145 3988 288 4052 στρατείας
306 3981 416 4048 βέλτιον
433 3985 489 4035 τῶν
508 3983 596 4036 αλλων
615 3983 813 4054 ἐλιιηχανήσατο,
834 3984 922 4045 ἔξεστι
940 3991 985 4036 καὶ
1003 3982 1107 4037 τοτ’·ττον
1125 3979 1237 4035 finolam.

234 4087 255 4156 82)
275 4088 445 4154 Quaestiones
464 4089 495 4142 dc
507 4090 693 4158 Xenophonteo
712 4091 779 4145 libro
798 4092 829 4145 de
842 4108 869 4144 re
888 4091 994 4159 publica
1006 4089 1277 4143 Lacedaemoniorum.
1296 4089 1365 4144 Dias,

143 4175 215 4242 Lips.
237 4179 306 4232 1874
324 4193 349 4244 p.
370 4179 387 4230 4
406 4194 461 4245 sqq.

180 4292 182 4296 ·
234 4268 254 4331 ³]
274 4265 314 4319 Cf.
333 4265 402 4319 infra
421 4283 446 4334 p.
466 4269 509 4321 43.
