3236 4894
215 395 242 458 si
265 415 360 478 quam
383 393 437 458 ille
468 394 582 459 statuit
604 395 793 460 sententiam
816 395 990 478 exprimere
1023 394 1159 477 scriptor
1181 393 1341 470 voluisset,
1371 415 1435 458 non

214 500 253 564 de
276 500 360 564 uotis
383 500 506 564 locutus
522 507 604 565 esset
618 500 784 565 verberum
807 502 862 565 sed
879 501 918 565 de
934 501 1117 565 verberibus
1141 501 1227 583 ipsis.
1266 500 1435 566 Praeterea

214 627 388 690 pronomen
411 598 550 684 τούτοις,
577 607 662 690 quod
685 608 719 672 in
741 608 799 672 illa
815 608 973 672 sententia
996 629 1059 672 nou
1075 607 1171 672 habet
1187 627 1250 690 quo
1269 605 1436 682 referatur,

214 712 256 776 ad
280 713 496 777 adulescentes
526 714 560 778 in
581 714 763 778 universum
786 721 928 796 spectare
951 735 1042 797 posse
1067 713 1186 778 Haasio
1209 735 1300 778 nemo
1320 713 1435 778 credet.

215 818 276 883 Sed
306 817 497 884 reiciendam
527 840 594 884 esse
629 820 715 884 illius
746 820 901 884 rationem
936 840 1042 884 omnes
1075 819 1220 883 videntur
1250 819 1436 884 consentire.

215 923 284 988 Iam
306 924 405 1005 igitur
428 924 589 989 videamus
621 926 699 1008 quid
722 926 860 990 Steinius
884 925 925 989 ad
956 924 1186 1008 expediendum
1215 924 1299 988 hunc
1333 925 1436 988 locum

216 1030 393 1112 protulerit.
408 1029 433 1114 1)
488 1029 550 1106 Qui
587 1031 671 1114 quod
701 1030 840 1096 Haasius
874 1031 1051 1096 coniecerat
1081 1022 1203 1107 τίνιοις
1235 1029 1436 1096 retinendum

217 1135 271 1199 sed
304 1136 351 1200 ita
386 1136 660 1220 interpretandum
694 1158 760 1201 esse
794 1137 956 1202 existimat
988 1144 1025 1202 ut
1058 1137 1213 1219 imagines
1247 1138 1296 1202 vel
1330 1136 1437 1219 sigilla

217 1230 530 1327 (Giitterbildchen')
566 1243 631 1308 scil.
667 1243 789 1307 Dianae
822 1242 954 1308 Orthiae
989 1242 1216 1324 significentur.
1277 1243 1437 1325 Opinatur

217 1347 301 1411 enim
322 1346 531 1430 flagellationi
554 1348 602 1412 illi
633 1349 777 1446 sollemni
807 1349 1031 1414 caerimoniam
1062 1349 1202 1430 aliquam
1235 1348 1438 1413 antecessisse

216 1453 399 1534 religiosam
433 1475 498 1537 qua
531 1455 622 1536 pueri
658 1454 765 1535 sigilla
797 1455 919 1519 Dianae
955 1476 1067 1537 rapere
1101 1455 1281 1519 studuerint
1314 1454 1348 1518 in
1381 1475 1439 1518 ara

217 1559 311 1623 huius
333 1558 411 1623 deae
433 1559 595 1624 collocata.
642 1560 706 1625 Eos
734 1567 840 1626 autem
862 1561 917 1644 qui
947 1560 1076 1643 aliquod
1105 1561 1244 1642 sigillum
1268 1560 1439 1643 surripuis-

218 1671 287 1729 sent
310 1665 423 1729 deinde
453 1672 562 1748 captos
586 1672 617 1731 et
647 1687 703 1749 per
730 1688 850 1750 poenae
873 1667 1008 1750 speciem
1036 1665 1215 1745 flagellatos
1243 1687 1323 1743 esse,
1355 1666 1439 1749 quod

219 1772 273 1854 qui
297 1772 519 1836 sustinuissent
542 1771 600 1836 hos
622 1768 807 1854 βιομονίκοις
830 1794 897 1837 csse
919 1774 1106 1856 appellatos.
1119 1773 1146 1858 2)
1187 1772 1247 1837 Sed
1271 1773 1439 1856 quominus

217 1877 368 1960 probetur
390 1873 478 1942 illius
499 1879 657 1943 sententia
681 1879 836 1961 imprimis
857 1880 986 1944 obstant
1008 1879 1190 1943 testimonia
1213 1885 1361 1954 veterum,
1384 1878 1439 1960 qui

217 1984 314 2048 talem
337 1975 592 2068 διομαστιγώσει
615 1985 819 2067 praemissam
845 1985 1070 2049 caerimoniam
1096 2006 1160 2048 non
1186 1989 1440 2059 commemorant,

218 2089 273 2153 sed
295 2087 334 2152 de
356 2089 417 2153 hac
439 2087 654 2171 flagellatione
685 2089 731 2154 ita
757 2089 932 2172 loquuntur
961 2096 996 2154 ut
1021 2111 1085 2154 non
1108 2090 1232 2172 aliquot
1255 2089 1310 2154 sed
1333 2109 1440 2154 omues

218 2216 333 2277 pueros
356 2194 397 2258 ad
421 2216 489 2258 eam
512 2194 667 2258 admissos
691 2215 757 2260 esse
785 2194 965 2277 significare
988 2196 1163 2260 videantur.
1210 2194 1255 2282 Cf.
1278 2196 1328 2258 Ps.
1353 2194 1436 2258 Plut.

219 2300 322 2364 Instit.
346 2300 418 2364 Lac.
444 2305 505 2365 239
530 2301 575 2365 cd
599 2295 630 2364 ol
652 2301 770 2378 νταῖδες
793 2288 871 2386 παρ’
896 2289 1005 2377 αίτοῖς
1028 2293 1206 2383 ξαινόμενοι
1231 2292 1367 2383 μάστιξι
1392 2287 1435 2364 δι’

220 2395 294 2492 ὅλης
322 2403 379 2491 τῆς
407 2396 527 2494 ἡμέρας
558 2404 616 2471 ἐντί
650 2405 707 2471 τοῦ
736 2405 848 2490 βωμοί
877 2405 934 2495 τῆς
964 2399 1096 2493 Ὀρθίας
1125 2394 1316 2493 Ἀρτέμιδος
1348 2404 1439 2492 μέχρι

220 2503 365 2576 θανάτου
388 2504 549 2590 πολλάκις
581 2511 841 2600 διακαρτεροῦσιν
868 2508 972 2599 ἱλαροὶ
1003 2513 1059 2577 καί
1084 2511 1194 2599 γαῦροι
1224 2503 1442 2594 ἁμιλλώμενοι

219 2616 295 2703 περὶ
319 2614 407 2706 νίκης
430 2610 514 2704 ντρὸς
542 2607 703 2706 ἀλλήλους,
735 2609 824 2696 ὅστις
854 2606 958 2683 uictis
988 2617 1150 2683 ἐντιντλίον
1180 2642 1215 2684 τε
1243 2616 1299 2682 καὶ
1322 2615 1443 2700 μᾶλλον

219 2715 421 2811 καρτερήσειε
454 2718 668 2807 ταττόμενος·
705 2724 760 2789 καί
796 2716 813 2788 ὃ
848 2718 1092 2812 περιγενόμενος
1130 2723 1163 2788 ἐν
1197 2729 1266 2801 τοῖς
1299 2716 1443 2806 μάλιστα

220 2823 374 2910 ἐντίδοξὸς
403 2828 482 2894 ἐστι.
515 2831 661 2895 καλεῖται
690 2829 727 2896 δὲ
755 2822 774 2918 ἡ
804 2820 924 2914 ίίμιλλα
947 2827 1223 2916 διαμαστίγωσις·
1263 2826 1382 2916 γίνεται
1407 2828 1443 2895 δὲ

219 2925 300 3001 καθ)
325 2934 461 3001 ἕκαστον
484 2933 564 3013 ἔτος.
603 2937 734 3002 Tertull.
757 2937 799 3002 ad
821 2945 951 3023 martyr.
966 2938 1010 3023 3):
1034 2959 1108 3003 nam
1132 2938 1218 3021 quod
1239 2937 1334 3002 hodie
1356 2937 1444 3021 apud
1468 2961 1471 2965 ·

219 3042 484 3108 Lacedaemonios
507 3043 702 3108 sollemnitas
724 3040 865 3111 maxima
896 3051 944 3110 est
966 3041 1224 3129 διαμαστίγωσις
1253 3065 1316 3107 non
1348 3043 1443 3118 latet;

219 3149 253 3212 in
277 3170 339 3231 quo
363 3171 451 3214 sacro
475 3155 550 3214 ante
573 3171 663 3214 aram
685 3150 808 3217 nobiles
824 3151 942 3234 quique
965 3151 1181 3216 adulescentes
1199 3148 1337 3232 flagellis
1361 3146 1443 3212 affli-

220 3263 338 3340 guntur
360 3255 541 3321 astantibus
563 3257 749 3339 parentibus
772 3264 803 3322 et
825 3257 1014 3339 propinquis
1035 3262 1067 3321 et
1089 3256 1136 3320 uti
1158 3260 1360 3338 perseverent
1382 3253 1445 3318 οδ-Ι

219 3361 431 3427 hortantibus.
483 3363 619 3427 Pausau.
648 3362 695 3426 Ill
721 3369 813 3438 16,7
856 3357 913 3426 καί
944 3382 1059 3448 σφισιν
1094 3359 1153 3424 ἐπὶ
1183 3351 1286 3445 τοίτρι
1322 3355 1443 3445 γίνεται

311 3611 590 3678 dhcptlmo

309 3704 330 3767 2γ
349 3701 411 3767 Ipsa
429 3700 520 3752 afferre
539 3699 631 3751 Steinii
650 3698 729 3751 rerba
749 3698 839 3751 liceat:
865 3691 1015 3750 ‘Natitrlioh
1037 3697 1142 3749 uurden
1161 3696 1234 3748 nicht
1252 3696 1303 3749 elle
1322 3695 1445 3763 Eplreben

221 3788 271 3841 ruit
289 3788 392 3841 Ruthen
419 3787 578 3854 gepeitscht‚
605 3786 714 3840 sondem
740 3803 789 3839 nur
812 3785 971 3855 diejenigem
997 3785 1092 3837 irclclre
1120 3802 1147 3836 so
1172 3784 1303 3850 gldclrliclr
1328 3799 1446 3852 genesen

221 3868 1447 3943 uwmdufflmfflfflmnmmmmummgm,mmmmsfflmfflm,m

187 3955 1447 4032 ¹llhrensachecinsolchesauerbeuten.Diejermgmudclmsiegmichdmllrrrdi

220 4053 377 4123 ausgel'iilrrt
390 4051 442 4105 und
456 4050 523 4104 auch
537 4050 577 4103 dic
591 4051 711 4119 fulgenda
726 4050 885 4119 Geisselung
902 4049 1045 4103 bastanden
1059 4049 1159 4116 hatten³
1175 4048 1279 4101 uurden
1298 4052 1446 4115 βιομονῖιιιιι

223 4141 289 4195 oder·
302 4141 392 4208 Sleger
411 4157 453 4194 am
473 4140 563 4192 Altare
582 4132 714 4205 gorrannt.’

311 4233 331 4298 ³)
351 4228 399 4282 Ed.
419 4227 527 4282 Sernleri
546 4227 595 4279 vol.
615 4227 627 4279 l
645 4227 653 4256 l
674 4243 697 4294 p,
719 4229 760 4281 72,
