<?xml version="1.0" encoding="UTF-8"?>
<!DOCTYPE html PUBLIC "-//W3C//DTD XHTML 1.0 Transitional//EN"
    "http://www.w3.org/TR/xhtml1/DTD/xhtml1-transitional.dtd">
<html xmlns="http://www.w3.org/1999/xhtml" xml:lang="en" lang="en">
 <head>
  <title>
</title>
<meta http-equiv="Content-Type" content="text/html;charset=utf-8" />
  <meta name='ocr-system' content='tesseract 3.04.00' />
  <meta name='ocr-capabilities' content='ocr_page ocr_carea ocr_par ocr_line ocrx_word'/>
</head>
<body>
  <div class='ocr_page' id='page_1' title='image "./quaestionesinxe00wulfgoog_0051.png"; bbox 0 0 3236 4894; ppageno 0'>
   <div class='ocr_carea' id='block_1_1' title="bbox 245 197 1542 4086">
    <p class='ocr_par' dir='ltr' id='par_1_1' title="bbox 245 197 1542 4086">
     <span class='ocr_line' id='line_1_1' title="bbox 863 197 904 253; baseline -0.024 0"><span class='ocrx_word' id='word_1_1' title='bbox 863 197 904 253; x_wconf 59' lang='lat' dir='ltr'>ss</span> 
     </span>
     <span class='ocr_line' id='line_1_2' title="bbox 274 399 1497 483; baseline -0.002 -18"><span class='ocrx_word' id='word_1_2' title='bbox 274 402 321 466; x_wconf 88' lang='lat' dir='ltr'><strong>ita</strong></span> <span class='ocrx_word' id='word_1_3' title='bbox 343 407 381 466; x_wconf 88' lang='lat' dir='ltr'><strong>ut</strong></span> <span class='ocrx_word' id='word_1_4' title='bbox 402 400 484 465; x_wconf 89' lang='lat' dir='ltr'><strong>hanc</strong></span> <span class='ocrx_word' id='word_1_5' title='bbox 508 401 706 476; x_wconf 74' lang='lat' dir='ltr'>sententiam,</span> <span class='ocrx_word' id='word_1_6' title='bbox 730 421 800 465; x_wconf 92' lang='lat' dir='ltr'><strong>cum</strong></span> <span class='ocrx_word' id='word_1_7' title='bbox 823 401 911 465; x_wconf 91' lang='lat' dir='ltr'><strong>illius</strong></span> <span class='ocrx_word' id='word_1_8' title='bbox 934 422 1013 483; x_wconf 91' lang='lat' dir='ltr'><strong>opus</strong></span> <span class='ocrx_word' id='word_1_9' title='bbox 1035 400 1068 464; x_wconf 90' lang='lat' dir='ltr'><strong>in</strong></span> <span class='ocrx_word' id='word_1_10' title='bbox 1092 399 1219 463; x_wconf 88' lang='lat' dir='ltr'><strong>brevius</strong></span> <span class='ocrx_word' id='word_1_11' title='bbox 1243 399 1497 474; x_wconf 81' lang='lat' dir='ltr'><strong>contraheretur,</strong></span> 
     </span>
     <span class='ocr_line' id='line_1_3' title="bbox 245 505 1500 590; baseline -0.003 -18"><span class='ocrx_word' id='word_1_12' title='bbox 245 511 247 521; x_wconf 60' lang='lat'><strong><em>⁴</em></strong></span> <span class='ocrx_word' id='word_1_13' title='bbox 276 508 425 572; x_wconf 90' lang='lat' dir='ltr'><strong>omissam</strong></span> <span class='ocrx_word' id='word_1_14' title='bbox 449 528 516 572; x_wconf 89' lang='lat' dir='ltr'><strong>esse</strong></span> <span class='ocrx_word' id='word_1_15' title='bbox 538 507 630 571; x_wconf 89' lang='lat' dir='ltr'><strong>facile</strong></span> <span class='ocrx_word' id='word_1_16' title='bbox 653 507 808 589; x_wconf 90' lang='lat' dir='ltr'><strong>suspicari</strong></span> <span class='ocrx_word' id='word_1_17' title='bbox 830 508 941 590; x_wconf 91' lang='lat' dir='ltr'><strong>possis.</strong></span> <span class='ocrx_word' id='word_1_18' title='bbox 990 507 1099 571; x_wconf 91' lang='lat' dir='ltr'>Nihilo</span> <span class='ocrx_word' id='word_1_19' title='bbox 1122 513 1227 570; x_wconf 86' lang='lat' dir='ltr'><strong>tamen</strong></span> <span class='ocrx_word' id='word_1_20' title='bbox 1250 507 1347 570; x_wconf 89' lang='lat' dir='ltr'><strong>setius</strong></span> <span class='ocrx_word' id='word_1_21' title='bbox 1370 505 1500 571; x_wconf 87' lang='lat' dir='ltr'><strong>brevia-</strong></span> 
     </span>
     <span class='ocr_line' id='line_1_4' title="bbox 275 612 1501 693; baseline -0.002 -16"><span class='ocrx_word' id='word_1_22' title='bbox 275 614 359 677; x_wconf 89' lang='lat' dir='ltr'><strong>rium</strong></span> <span class='ocrx_word' id='word_1_23' title='bbox 394 635 461 678; x_wconf 89' lang='lat' dir='ltr'><strong>esse</strong></span> <span class='ocrx_word' id='word_1_24' title='bbox 496 614 580 677; x_wconf 91' lang='lat' dir='ltr'><strong>hunc</strong></span> <span class='ocrx_word' id='word_1_25' title='bbox 613 613 756 677; x_wconf 89' lang='lat' dir='ltr'><strong>libellum</strong></span> <span class='ocrx_word' id='word_1_26' title='bbox 791 614 919 678; x_wconf 93' lang='lat' dir='ltr'><strong>omnino</strong></span> <span class='ocrx_word' id='word_1_27' title='bbox 953 613 1077 677; x_wconf 89' lang='lat' dir='ltr'><strong>videtur</strong></span> <span class='ocrx_word' id='word_1_28' title='bbox 1111 612 1291 693; x_wconf 89' lang='lat' dir='ltr'><strong>negandum</strong></span> <span class='ocrx_word' id='word_1_29' title='bbox 1325 633 1400 676; x_wconf 81' lang='lat' dir='ltr'><strong>esse.</strong></span> <span class='ocrx_word' id='word_1_30' title='bbox 1451 615 1501 676; x_wconf 87' lang='lat' dir='ltr'><strong>Ac</strong></span> 
     </span>
     <span class='ocr_line' id='line_1_5' title="bbox 274 718 1502 803; baseline -0.002 -20"><span class='ocrx_word' id='word_1_31' title='bbox 274 720 413 803; x_wconf 91' lang='lat' dir='ltr'><strong>primum</strong></span> <span class='ocrx_word' id='word_1_32' title='bbox 436 719 563 802; x_wconf 91' lang='lat' dir='ltr'><strong>quidem</strong></span> <span class='ocrx_word' id='word_1_33' title='bbox 585 719 799 801; x_wconf 89' lang='lat' dir='ltr'><strong>reputandum</strong></span> <span class='ocrx_word' id='word_1_34' title='bbox 822 725 870 783; x_wconf 91' lang='lat' dir='ltr'><strong>est</strong></span> <span class='ocrx_word' id='word_1_35' title='bbox 893 740 956 783; x_wconf 93' lang='lat' dir='ltr'><strong>non</strong></span> <span class='ocrx_word' id='word_1_36' title='bbox 979 726 1044 784; x_wconf 91' lang='lat' dir='ltr'><strong>tam</strong></span> <span class='ocrx_word' id='word_1_37' title='bbox 1066 718 1230 783; x_wconf 87' lang='lat' dir='ltr'><strong>universas</strong></span> <span class='ocrx_word' id='word_1_38' title='bbox 1255 739 1304 781; x_wconf 89' lang='lat' dir='ltr'><strong>res</strong></span> <span class='ocrx_word' id='word_1_39' title='bbox 1321 718 1502 801; x_wconf 77' lang='lat' dir='ltr'><strong>Spartanae</strong></span> 
     </span>
     <span class='ocr_line' id='line_1_6' title="bbox 274 807 1502 909; baseline -0.002 -19"><span class='ocrx_word' id='word_1_40' title='bbox 274 826 460 909; x_wconf 81' lang='lat' dir='ltr'><strong>scriptorem</strong></span> <span class='ocrx_word' id='word_1_41' title='bbox 490 832 546 890; x_wconf 90' lang='lat' dir='ltr'><strong>aut</strong></span> <span class='ocrx_word' id='word_1_42' title='bbox 574 846 680 890; x_wconf 90' lang='lat' dir='ltr'><strong>omnes</strong></span> <span class='ocrx_word' id='word_1_43' title='bbox 710 825 794 907; x_wconf 87' lang='lat' dir='ltr'><strong>leges</strong></span> <span class='ocrx_word' id='word_1_44' title='bbox 824 825 1011 909; x_wconf 90' lang='lat' dir='ltr'><strong>aLycnrgo</strong></span> <span class='ocrx_word' id='word_1_45' title='bbox 1040 825 1123 888; x_wconf 89' lang='lat' dir='ltr'><strong>latas</strong></span> <span class='ocrx_word' id='word_1_46' title='bbox 1153 807 1329 888; x_wconf 81' lang='lat' dir='ltr'><strong>describere</strong></span> <span class='ocrx_word' id='word_1_47' title='bbox 1361 824 1502 888; x_wconf 86' lang='lat' dir='ltr'><strong>voluisse</strong></span> 
     </span>
     <span class='ocr_line' id='line_1_7' title="bbox 274 921 1502 1017; baseline 0 -23"><span class='ocrx_word' id='word_1_48' title='bbox 274 953 370 1014; x_wconf 92' lang='lat' dir='ltr'><strong>quam</strong></span> <span class='ocrx_word' id='word_1_49' title='bbox 392 931 554 1013; x_wconf 86' lang='lat' dir='ltr'><strong>capotius</strong></span> <span class='ocrx_word' id='word_1_50' title='bbox 576 931 724 996; x_wconf 88' lang='lat' dir='ltr'><strong>instituta</strong></span> <span class='ocrx_word' id='word_1_51' title='bbox 740 951 822 1013; x_wconf 90' lang='lat' dir='ltr'><strong>quae</strong></span> <span class='ocrx_word' id='word_1_52' title='bbox 844 930 885 995; x_wconf 89' lang='lat' dir='ltr'><strong>ad</strong></span> <span class='ocrx_word' id='word_1_53' title='bbox 910 921 1150 1017; x_wconf 67' lang='grc' dir='ltr'><strong><em>ἐπιτηδεύματα</em></strong></span> <span class='ocrx_word' id='word_1_54' title='bbox 1173 929 1288 993; x_wconf 84' lang='lat' dir='ltr'><strong>civium</strong></span> <span class='ocrx_word' id='word_1_55' title='bbox 1314 936 1502 1012; x_wconf 85' lang='lat' dir='ltr'><strong>spectarent</strong></span> 
     </span>
     <span class='ocr_line' id='line_1_8' title="bbox 275 1035 1495 1119; baseline 0.001 -19"><span class='ocrx_word' id='word_1_56' title='bbox 275 1044 306 1100; x_wconf 92' lang='lat' dir='ltr'><strong>et</strong></span> <span class='ocrx_word' id='word_1_57' title='bbox 322 1036 437 1119; x_wconf 88' lang='lat' dir='ltr'><strong>quibus</strong></span> <span class='ocrx_word' id='word_1_58' title='bbox 453 1037 569 1119; x_wconf 86' lang='lat' dir='ltr'><strong>Sparta</strong></span> <span class='ocrx_word' id='word_1_59' title='bbox 590 1036 632 1100; x_wconf 93' lang='lat' dir='ltr'><strong>ad</strong></span> <span class='ocrx_word' id='word_1_60' title='bbox 648 1059 804 1100; x_wconf 92' lang='lat' dir='ltr'><strong>summum</strong></span> <span class='ocrx_word' id='word_1_61' title='bbox 819 1037 939 1118; x_wconf 89' lang='lat' dir='ltr'><strong>gloriae</strong></span> <span class='ocrx_word' id='word_1_62' title='bbox 955 1037 1117 1118; x_wconf 85' lang='lat' dir='ltr'><strong>fastigium</strong></span> <span class='ocrx_word' id='word_1_63' title='bbox 1130 1036 1308 1100; x_wconf 90' lang='lat' dir='ltr'><strong>ascendisse</strong></span> <span class='ocrx_word' id='word_1_64' title='bbox 1323 1035 1495 1101; x_wconf 84' lang='lat' dir='ltr'><strong>videretur.</strong></span> 
     </span>
     <span class='ocr_line' id='line_1_9' title="bbox 275 1131 1503 1228; baseline -0.002 -21"><span class='ocrx_word' id='word_1_65' title='bbox 275 1143 347 1225; x_wconf 86' lang='lat' dir='ltr'><strong>Ipse</strong></span> <span class='ocrx_word' id='word_1_66' title='bbox 363 1143 445 1208; x_wconf 87' lang='lat' dir='ltr'><strong>enim</strong></span> <span class='ocrx_word' id='word_1_67' title='bbox 461 1143 495 1206; x_wconf 92' lang='lat' dir='ltr'><strong>in</strong></span> <span class='ocrx_word' id='word_1_68' title='bbox 518 1143 647 1208; x_wconf 84' lang='lat' dir='ltr'><strong>exordio</strong></span> <span class='ocrx_word' id='word_1_69' title='bbox 670 1142 748 1207; x_wconf 85' lang='lat' dir='ltr'><strong>hacc</strong></span> <span class='ocrx_word' id='word_1_70' title='bbox 769 1141 948 1225; x_wconf 85' lang='lat' dir='ltr'><strong>profitetur:</strong></span> <span class='ocrx_word' id='word_1_71' title='bbox 972 1132 1123 1228; x_wconf 74' lang='grc' dir='ltr'><strong>ἐννοήσας</strong></span> <span class='ocrx_word' id='word_1_72' title='bbox 1145 1138 1229 1206; x_wconf 61' lang='lat' dir='ltr'><strong>ruore*</strong></span> <span class='ocrx_word' id='word_1_73' title='bbox 1253 1131 1297 1217; x_wconf 74' lang='grc' dir='ltr'><strong>ὡς</strong></span> <span class='ocrx_word' id='word_1_74' title='bbox 1320 1131 1338 1228; x_wconf 73' lang='grc' dir='ltr'>ἡ</span> <span class='ocrx_word' id='word_1_75' title='bbox 1364 1133 1503 1228; x_wconf 76' lang='grc' dir='ltr'><strong><em>Σπάρτη</em></strong></span> 
     </span>
     <span class='ocr_line' id='line_1_10' title="bbox 275 1234 1502 1334; baseline -0.001 -23"><span class='ocrx_word' id='word_1_76' title='bbox 275 1234 1502 1334; x_wconf 48' lang='lat' dir='ltr'><strong>umfflmwmfflmmfflmmwwmfflmoemffimww</strong></span> 
     </span>
     <span class='ocr_line' id='line_1_11' title="bbox 276 1341 1503 1442; baseline -0.001 -25"><span class='ocrx_word' id='word_1_77' title='bbox 276 1345 356 1440; x_wconf 71' lang='lat' dir='ltr'><strong>adalp</strong></span> <span class='ocrx_word' id='word_1_78' title='bbox 390 1351 423 1416; x_wconf 80' lang='grc' dir='ltr'><strong>ἑν</strong></span> <span class='ocrx_word' id='word_1_79' title='bbox 455 1351 494 1440; x_wconf 74' lang='grc' dir='ltr'><strong>τῇ</strong></span> <span class='ocrx_word' id='word_1_80' title='bbox 525 1344 654 1417; x_wconf 59' lang='grc' dir='ltr'><strong><em>(Ελλάδι</em></strong></span> <span class='ocrx_word' id='word_1_81' title='bbox 689 1346 798 1442; x_wconf 70' lang='grc' dir='ltr'><strong><em>ἐφάνη,</em></strong></span> <span class='ocrx_word' id='word_1_82' title='bbox 836 1345 1010 1435; x_wconf 57' lang='lat' dir='ltr'><strong>&amp;caducae</strong></span> <span class='ocrx_word' id='word_1_83' title='bbox 1045 1343 1108 1438; x_wconf 79' lang='grc' dir='ltr'><strong><em>ὅτιμ</em></strong></span> <span class='ocrx_word' id='word_1_84' title='bbox 1143 1351 1226 1416; x_wconf 63' lang='lat' dir='ltr'><strong>ruore*</strong></span> <span class='ocrx_word' id='word_1_85' title='bbox 1264 1345 1378 1438; x_wconf 78' lang='grc' dir='ltr'><strong><em>τρόντιμ</em></strong></span> <span class='ocrx_word' id='word_1_86' title='bbox 1412 1341 1503 1416; x_wconf 71' lang='grc' dir='ltr'><strong><em>τοῦτ’</em></strong></span> 
     </span>
     <span class='ocr_line' id='line_1_12' title="bbox 279 1451 1503 1547; baseline 0.001 -26"><span class='ocrx_word' id='word_1_87' title='bbox 279 1457 419 1544; x_wconf 73' lang='grc' dir='ltr'><strong><em>ἐγένετο·</em></strong></span> <span class='ocrx_word' id='word_1_88' title='bbox 445 1456 519 1522; x_wconf 75' lang='grc' dir='ltr'><strong><em>ἐπεὶ</em></strong></span> <span class='ocrx_word' id='word_1_89' title='bbox 542 1460 652 1542; x_wconf 78' lang='grc' dir='ltr'><strong><em>μέντοι</em></strong></span> <span class='ocrx_word' id='word_1_90' title='bbox 668 1453 845 1547; x_wconf 71' lang='grc' dir='ltr'><strong><em>κατενόησα</em></strong></span> <span class='ocrx_word' id='word_1_91' title='bbox 867 1452 907 1523; x_wconf 77' lang='grc' dir='ltr'><strong>τὰ</strong></span> <span class='ocrx_word' id='word_1_92' title='bbox 927 1451 1167 1547; x_wconf 63' lang='grc' dir='ltr'><strong><em>ἐπιτηδεύματα</em></strong></span> <span class='ocrx_word' id='word_1_93' title='bbox 1193 1456 1256 1522; x_wconf 73' lang='grc' dir='ltr'><strong>τῶν</strong></span> <span class='ocrx_word' id='word_1_94' title='bbox 1274 1457 1503 1544; x_wconf 71' lang='grc' dir='ltr'><strong>Σπαρτιατῶν,</strong></span> 
     </span>
     <span class='ocr_line' id='line_1_13' title="bbox 280 1555 1504 1652; baseline 0.001 -24"><span class='ocrx_word' id='word_1_95' title='bbox 280 1555 386 1629; x_wconf 72' lang='grc' dir='ltr'><strong><em>οὐκέτι</em></strong></span> <span class='ocrx_word' id='word_1_96' title='bbox 410 1557 604 1648; x_wconf 62' lang='grc' dir='ltr'><strong><em>ἐθαύμαζον.</em></strong></span> <span class='ocrx_word' id='word_1_97' title='bbox 642 1565 707 1630; x_wconf 84' lang='grc' dir='ltr'><strong>Νεε</strong></span> <span class='ocrx_word' id='word_1_98' title='bbox 729 1587 802 1631; x_wconf 83' lang='lat' dir='ltr'><strong>vcro</strong></span> <span class='ocrx_word' id='word_1_99' title='bbox 818 1567 946 1648; x_wconf 89' lang='lat' dir='ltr'><strong>gravius</strong></span> <span class='ocrx_word' id='word_1_100' title='bbox 964 1567 1132 1648; x_wconf 89' lang='lat' dir='ltr'><strong>quicquam</strong></span> <span class='ocrx_word' id='word_1_101' title='bbox 1156 1565 1241 1648; x_wconf 91' lang='lat' dir='ltr'><strong>quod</strong></span> <span class='ocrx_word' id='word_1_102' title='bbox 1264 1565 1305 1629; x_wconf 93' lang='lat' dir='ltr'><strong>ad</strong></span> <span class='ocrx_word' id='word_1_103' title='bbox 1329 1557 1504 1652; x_wconf 69' lang='grc' dir='ltr'><strong><em>ἐπιτηδεύ-</em></strong></span> 
     </span>
     <span class='ocr_line' id='line_1_14' title="bbox 278 1672 1504 1756; baseline 0 -22"><span class='ocrx_word' id='word_1_104' title='bbox 278 1695 367 1753; x_wconf 86' lang='grc' dir='ltr'><strong><em>ματα</em></strong></span> <span class='ocrx_word' id='word_1_105' title='bbox 390 1672 623 1754; x_wconf 84' lang='lat' dir='ltr'><strong>Spartiatarum</strong></span> <span class='ocrx_word' id='word_1_106' title='bbox 655 1672 827 1756; x_wconf 89' lang='lat' dir='ltr'><strong>pertineret</strong></span> <span class='ocrx_word' id='word_1_107' title='bbox 854 1672 908 1735; x_wconf 90' lang='lat' dir='ltr'><strong>ille</strong></span> <span class='ocrx_word' id='word_1_108' title='bbox 939 1672 1059 1747; x_wconf 91' lang='lat' dir='ltr'><strong>omisit,</strong></span> <span class='ocrx_word' id='word_1_109' title='bbox 1088 1679 1123 1735; x_wconf 89' lang='lat' dir='ltr'><strong>ut</strong></span> <span class='ocrx_word' id='word_1_110' title='bbox 1152 1673 1212 1736; x_wconf 89' lang='lat' dir='ltr'><strong>hac</strong></span> <span class='ocrx_word' id='word_1_111' title='bbox 1240 1693 1316 1735; x_wconf 90' lang='lat' dir='ltr'><strong>sane</strong></span> <span class='ocrx_word' id='word_1_112' title='bbox 1339 1693 1377 1735; x_wconf 83' lang='lat' dir='ltr'><strong>ex</strong></span> <span class='ocrx_word' id='word_1_113' title='bbox 1399 1679 1504 1754; x_wconf 86' lang='lat' dir='ltr'><strong>parte,</strong></span> 
     </span>
     <span class='ocr_line' id='line_1_15' title="bbox 279 1777 1504 1861; baseline 0 -19"><span class='ocrx_word' id='word_1_114' title='bbox 279 1777 372 1842; x_wconf 90' lang='lat' dir='ltr'><strong>modo</strong></span> <span class='ocrx_word' id='word_1_115' title='bbox 395 1799 474 1860; x_wconf 91' lang='lat' dir='ltr'><strong>quas</strong></span> <span class='ocrx_word' id='word_1_116' title='bbox 497 1777 629 1842; x_wconf 86' lang='lat' dir='ltr'><strong>lacunas</strong></span> <span class='ocrx_word' id='word_1_117' title='bbox 654 1779 831 1844; x_wconf 82' lang='lat' dir='ltr'><strong>invenimus</strong></span> <span class='ocrx_word' id='word_1_118' title='bbox 855 1779 1008 1861; x_wconf 83' lang='lat' dir='ltr'><strong>excipias,</strong></span> <span class='ocrx_word' id='word_1_119' title='bbox 1039 1778 1107 1841; x_wconf 91' lang='lat' dir='ltr'><strong>inre</strong></span> <span class='ocrx_word' id='word_1_120' title='bbox 1128 1778 1229 1859; x_wconf 90' lang='lat' dir='ltr'><strong>possis</strong></span> <span class='ocrx_word' id='word_1_121' title='bbox 1252 1778 1396 1841; x_wconf 92' lang='lat' dir='ltr'><strong>libellum</strong></span> <span class='ocrx_word' id='word_1_122' title='bbox 1419 1779 1504 1842; x_wconf 89' lang='lat' dir='ltr'><strong>inte-</strong></span> 
     </span>
     <span class='ocr_line' id='line_1_16' title="bbox 279 1882 1505 1968; baseline 0 -21"><span class='ocrx_word' id='word_1_123' title='bbox 279 1905 371 1966; x_wconf 90' lang='lat' dir='ltr'><strong>grum</strong></span> <span class='ocrx_word' id='word_1_124' title='bbox 394 1905 513 1950; x_wconf 85' lang='lat' dir='ltr'><strong>vocare.</strong></span> <span class='ocrx_word' id='word_1_125' title='bbox 554 1885 680 1968; x_wconf 85' lang='lat' dir='ltr'><strong>Duplex</strong></span> <span class='ocrx_word' id='word_1_126' title='bbox 702 1891 808 1950; x_wconf 90' lang='lat' dir='ltr'><strong>autem</strong></span> <span class='ocrx_word' id='word_1_127' title='bbox 832 1892 901 1949; x_wconf 91' lang='lat' dir='ltr'><strong>erat</strong></span> <span class='ocrx_word' id='word_1_128' title='bbox 923 1884 1092 1966; x_wconf 88' lang='lat' dir='ltr'><strong>disciplina</strong></span> <span class='ocrx_word' id='word_1_129' title='bbox 1113 1882 1445 1959; x_wconf 81' lang='lat' dir='ltr'><strong>Lacedaemoniorum,</strong></span> <span class='ocrx_word' id='word_1_130' title='bbox 1472 1892 1505 1948; x_wconf 87' lang='lat' dir='ltr'><strong>et</strong></span> 
     </span>
     <span class='ocr_line' id='line_1_17' title="bbox 280 1989 1500 2072; baseline 0 -19"><span class='ocrx_word' id='word_1_131' title='bbox 280 1990 452 2054; x_wconf 90' lang='lat' dir='ltr'><strong>domestica</strong></span> <span class='ocrx_word' id='word_1_132' title='bbox 475 1996 506 2055; x_wconf 91' lang='lat' dir='ltr'><strong>et</strong></span> <span class='ocrx_word' id='word_1_133' title='bbox 528 1991 691 2067; x_wconf 90' lang='lat' dir='ltr'><strong>militaris,</strong></span> <span class='ocrx_word' id='word_1_134' title='bbox 721 1990 776 2054; x_wconf 90' lang='lat' dir='ltr'><strong>sed</strong></span> <span class='ocrx_word' id='word_1_135' title='bbox 799 1990 990 2072; x_wconf 82' lang='lat' dir='ltr'><strong>alteratam</strong></span> <span class='ocrx_word' id='word_1_136' title='bbox 1017 1996 1086 2054; x_wconf 87' lang='lat' dir='ltr'><strong>arte</strong></span> <span class='ocrx_word' id='word_1_137' title='bbox 1110 2011 1180 2053; x_wconf 92' lang='lat' dir='ltr'><strong>cum</strong></span> <span class='ocrx_word' id='word_1_138' title='bbox 1204 1990 1305 2054; x_wconf 88' lang='lat' dir='ltr'><strong>altera</strong></span> <span class='ocrx_word' id='word_1_139' title='bbox 1328 1989 1500 2054; x_wconf 87' lang='lat' dir='ltr'><strong>coniuncta</strong></span> 
     </span>
     <span class='ocr_line' id='line_1_18' title="bbox 280 2094 1502 2181; baseline 0 -23"><span class='ocrx_word' id='word_1_140' title='bbox 280 2103 317 2160; x_wconf 86' lang='lat' dir='ltr'><strong>ut</strong></span> <span class='ocrx_word' id='word_1_141' title='bbox 338 2096 444 2177; x_wconf 91' lang='lat' dir='ltr'><strong>priore</strong></span> <span class='ocrx_word' id='word_1_142' title='bbox 466 2095 609 2178; x_wconf 82' lang='lat' dir='ltr'><strong>opusculi</strong></span> <span class='ocrx_word' id='word_1_143' title='bbox 632 2103 723 2178; x_wconf 90' lang='lat' dir='ltr'><strong>parte</strong></span> <span class='ocrx_word' id='word_1_144' title='bbox 747 2097 851 2179; x_wconf 88' lang='lat' dir='ltr'><strong>(capp.</strong></span> <span class='ocrx_word' id='word_1_145' title='bbox 874 2095 979 2181; x_wconf 79' lang='lat' dir='ltr'><strong>l-x)</strong></span> <span class='ocrx_word' id='word_1_146' title='bbox 1010 2097 1044 2159; x_wconf 92' lang='lat' dir='ltr'><strong>in</strong></span> <span class='ocrx_word' id='word_1_147' title='bbox 1067 2096 1246 2159; x_wconf 89' lang='lat' dir='ltr'><strong>universum</strong></span> <span class='ocrx_word' id='word_1_148' title='bbox 1270 2094 1308 2158; x_wconf 92' lang='lat' dir='ltr'><strong>de</strong></span> <span class='ocrx_word' id='word_1_149' title='bbox 1332 2095 1502 2177; x_wconf 86' lang='lat' dir='ltr'><strong>disciplina</strong></span> 
     </span>
     <span class='ocr_line' id='line_1_19' title="bbox 281 2188 1504 2286; baseline -0.002 -20"><span class='ocrx_word' id='word_1_150' title='bbox 281 2202 441 2283; x_wconf 89' lang='lat' dir='ltr'><strong>Spartana</strong></span> <span class='ocrx_word' id='word_1_151' title='bbox 463 2207 578 2282; x_wconf 84' lang='lat' dir='ltr'><strong>agatur</strong></span> <span class='ocrx_word' id='word_1_152' title='bbox 609 2200 661 2286; x_wconf 87' lang='lat' dir='ltr'><strong>(cl.</strong></span> <span class='ocrx_word' id='word_1_153' title='bbox 684 2201 765 2265; x_wconf 83' lang='lat' dir='ltr'><strong>Xll</strong></span> <span class='ocrx_word' id='word_1_154' title='bbox 792 2200 847 2264; x_wconf 82' lang='grc' dir='ltr'><strong>καὶ</strong></span> <span class='ocrx_word' id='word_1_155' title='bbox 871 2199 972 2264; x_wconf 72' lang='grc' dir='ltr'><strong><em>ταῦτα</em></strong></span> <span class='ocrx_word' id='word_1_156' title='bbox 994 2198 1053 2282; x_wconf 80' lang='grc' dir='ltr'><strong>μὲν</strong></span> <span class='ocrx_word' id='word_1_157' title='bbox 1076 2191 1115 2286; x_wconf 70' lang='grc' dir='ltr'><strong>δι)</strong></span> <span class='ocrx_word' id='word_1_158' title='bbox 1138 2192 1230 2264; x_wconf 78' lang='grc' dir='ltr'><strong><em>κοινὰ</em></strong></span> <span class='ocrx_word' id='word_1_159' title='bbox 1252 2188 1366 2286; x_wconf 66' lang='lat' dir='ltr'><strong>dyas&amp;</strong></span> <span class='ocrx_word' id='word_1_160' title='bbox 1389 2200 1445 2266; x_wconf 78' lang='grc' dir='ltr'><strong>καὶ</strong></span> <span class='ocrx_word' id='word_1_161' title='bbox 1470 2199 1504 2264; x_wconf 79' lang='grc' dir='ltr'><strong>ἐν</strong></span> 
     </span>
     <span class='ocr_line' id='line_1_20' title="bbox 282 2297 1501 2392; baseline 0 -22"><span class='ocrx_word' id='word_1_162' title='bbox 282 2297 387 2392; x_wconf 72' lang='grc' dir='ltr'><strong><em>εἰρήνῃ</em></strong></span> <span class='ocrx_word' id='word_1_163' title='bbox 410 2304 466 2368; x_wconf 80' lang='grc' dir='ltr'><strong>καὶ</strong></span> <span class='ocrx_word' id='word_1_164' title='bbox 491 2303 524 2368; x_wconf 81' lang='grc' dir='ltr'><strong>ἐν</strong></span> <span class='ocrx_word' id='word_1_165' title='bbox 546 2303 705 2392; x_wconf 75' lang='grc' dir='ltr'><strong>πολέμῳ).</strong></span> <span class='ocrx_word' id='word_1_166' title='bbox 757 2306 825 2372; x_wconf 88' lang='lat' dir='ltr'><strong>lam</strong></span> <span class='ocrx_word' id='word_1_167' title='bbox 848 2329 918 2371; x_wconf 92' lang='lat' dir='ltr'><strong>cum</strong></span> <span class='ocrx_word' id='word_1_168' title='bbox 941 2306 1192 2388; x_wconf 85' lang='lat' dir='ltr'><strong>magnitudinem</strong></span> <span class='ocrx_word' id='word_1_169' title='bbox 1218 2307 1308 2370; x_wconf 90' lang='lat' dir='ltr'><strong>illam</strong></span> <span class='ocrx_word' id='word_1_170' title='bbox 1331 2329 1426 2389; x_wconf 90' lang='lat' dir='ltr'><strong>quam</strong></span> <span class='ocrx_word' id='word_1_171' title='bbox 1450 2329 1501 2371; x_wconf 81' lang='lat' dir='ltr'><strong>ex-</strong></span> 
     </span>
     <span class='ocr_line' id='line_1_21' title="bbox 281 2412 1500 2496; baseline 0.003 -22"><span class='ocrx_word' id='word_1_172' title='bbox 281 2413 401 2494; x_wconf 89' lang='lat' dir='ltr'><strong>plicare</strong></span> <span class='ocrx_word' id='word_1_173' title='bbox 424 2412 492 2476; x_wconf 89' lang='lat' dir='ltr'><strong>vult</strong></span> <span class='ocrx_word' id='word_1_174' title='bbox 522 2413 658 2496; x_wconf 89' lang='lat' dir='ltr'><strong>scriptor</strong></span> <span class='ocrx_word' id='word_1_175' title='bbox 682 2413 837 2496; x_wconf 93' lang='lat' dir='ltr'><strong>imprimis</strong></span> <span class='ocrx_word' id='word_1_176' title='bbox 867 2413 1022 2496; x_wconf 85' lang='lat' dir='ltr'><strong>singulari</strong></span> <span class='ocrx_word' id='word_1_177' title='bbox 1046 2413 1130 2478; x_wconf 89' lang='lat' dir='ltr'><strong>bella</strong></span> <span class='ocrx_word' id='word_1_178' title='bbox 1154 2412 1284 2495; x_wconf 87' lang='lat' dir='ltr'><strong>gerendi</strong></span> <span class='ocrx_word' id='word_1_179' title='bbox 1318 2414 1380 2476; x_wconf 89' lang='lat' dir='ltr'><strong>arti</strong></span> <span class='ocrx_word' id='word_1_180' title='bbox 1404 2413 1500 2478; x_wconf 90' lang='lat' dir='ltr'><strong>Lace·</strong></span> 
     </span>
     <span class='ocr_line' id='line_1_22' title="bbox 283 2518 1498 2604; baseline 0.001 -21"><span class='ocrx_word' id='word_1_181' title='bbox 283 2519 441 2583; x_wconf 89' lang='lat' dir='ltr'><strong>daemonii</strong></span> <span class='ocrx_word' id='word_1_182' title='bbox 464 2518 628 2596; x_wconf 89' lang='lat' dir='ltr'><strong>deberent,</strong></span> <span class='ocrx_word' id='word_1_183' title='bbox 657 2521 811 2602; x_wconf 89' lang='lat' dir='ltr'><strong>peculiari</strong></span> <span class='ocrx_word' id='word_1_184' title='bbox 845 2520 899 2584; x_wconf 87' lang='lat' dir='ltr'><strong>ille</strong></span> <span class='ocrx_word' id='word_1_185' title='bbox 923 2520 1179 2602; x_wconf 84' lang='lat' dir='ltr'><strong>opusculiparte</strong></span> <span class='ocrx_word' id='word_1_186' title='bbox 1213 2519 1317 2604; x_wconf 83' lang='lat' dir='ltr'><strong>(capp.</strong></span> <span class='ocrx_word' id='word_1_187' title='bbox 1343 2518 1389 2582; x_wconf 89' lang='lat' dir='ltr'><strong>XI</strong></span> <span class='ocrx_word' id='word_1_188' title='bbox 1416 2519 1498 2601; x_wconf 85' lang='lat' dir='ltr'><strong>sqq.)</strong></span> 
     </span>
     <span class='ocr_line' id='line_1_23' title="bbox 283 2624 1493 2708; baseline -0.002 -20"><span class='ocrx_word' id='word_1_189' title='bbox 283 2624 502 2708; x_wconf 90' lang='lat' dir='ltr'><strong>exponendum</strong></span> <span class='ocrx_word' id='word_1_190' title='bbox 518 2646 586 2689; x_wconf 90' lang='lat' dir='ltr'><strong>esse</strong></span> <span class='ocrx_word' id='word_1_191' title='bbox 601 2625 794 2690; x_wconf 81' lang='lat' dir='ltr'><strong>existimavit</strong></span> <span class='ocrx_word' id='word_1_192' title='bbox 810 2646 892 2708; x_wconf 91' lang='lat' dir='ltr'><strong>quae</strong></span> <span class='ocrx_word' id='word_1_193' title='bbox 907 2625 1060 2689; x_wconf 86' lang='lat' dir='ltr'><strong>militaria</strong></span> <span class='ocrx_word' id='word_1_194' title='bbox 1075 2625 1212 2708; x_wconf 87' lang='lat' dir='ltr'><strong>Lycurgi</strong></span> <span class='ocrx_word' id='word_1_195' title='bbox 1227 2626 1373 2690; x_wconf 88' lang='lat' dir='ltr'><strong>instituta</strong></span> <span class='ocrx_word' id='word_1_196' title='bbox 1387 2625 1493 2688; x_wconf 88' lang='lat' dir='ltr'><strong>ceteris</strong></span> 
     </span>
     <span class='ocr_line' id='line_1_24' title="bbox 283 2722 1492 2816; baseline -0.004 -20"><span class='ocrx_word' id='word_1_197' title='bbox 283 2731 465 2796; x_wconf 84' lang='lat' dir='ltr'><strong>civitatibus</strong></span> <span class='ocrx_word' id='word_1_198' title='bbox 488 2736 689 2813; x_wconf 85' lang='lat' dir='ltr'><strong>praestarent</strong></span> <span class='ocrx_word' id='word_1_199' title='bbox 725 2730 776 2816; x_wconf 88' lang='lat' dir='ltr'><strong>(cf.</strong></span> <span class='ocrx_word' id='word_1_200' title='bbox 801 2730 881 2794; x_wconf 88' lang='lat' dir='ltr'><strong>Xll</strong></span> <span class='ocrx_word' id='word_1_201' title='bbox 913 2725 941 2794; x_wconf 80' lang='lat' dir='ltr'><strong>ei</strong></span> <span class='ocrx_word' id='word_1_202' title='bbox 973 2729 1010 2794; x_wconf 80' lang='grc' dir='ltr'><strong>δέ</strong></span> <span class='ocrx_word' id='word_1_203' title='bbox 1038 2754 1089 2807; x_wconf 84' lang='grc' dir='ltr'><strong>τις</strong></span> <span class='ocrx_word' id='word_1_204' title='bbox 1119 2722 1268 2812; x_wconf 73' lang='grc' dir='ltr'><strong><em>βούλεται</em></strong></span> <span class='ocrx_word' id='word_1_205' title='bbox 1297 2731 1492 2811; x_wconf 69' lang='grc' dir='ltr'><strong><em>καταμαθεῖν</em></strong></span> 
     </span>
     <span class='ocr_line' id='line_1_25' title="bbox 283 2823 1497 2923; baseline -0.003 -22"><span class='ocrx_word' id='word_1_206' title='bbox 283 2827 352 2901; x_wconf 77' lang='grc' dir='ltr'><strong>ὅτι</strong></span> <span class='ocrx_word' id='word_1_207' title='bbox 374 2835 430 2900; x_wconf 82' lang='grc' dir='ltr'><strong>καὶ</strong></span> <span class='ocrx_word' id='word_1_208' title='bbox 454 2831 501 2912; x_wconf 80' lang='grc' dir='ltr'><strong><em>εἷς</em></strong></span> <span class='ocrx_word' id='word_1_209' title='bbox 523 2827 581 2912; x_wconf 79' lang='grc' dir='ltr'><strong>τὰς</strong></span> <span class='ocrx_word' id='word_1_210' title='bbox 604 2831 773 2919; x_wconf 79' lang='grc' dir='ltr'><strong><em>στρατείας</em></strong></span> <span class='ocrx_word' id='word_1_211' title='bbox 794 2834 922 2918; x_wconf 79' lang='grc' dir='ltr'><strong><em>βέλτιον</em></strong></span> <span class='ocrx_word' id='word_1_212' title='bbox 937 2833 1000 2899; x_wconf 80' lang='grc' dir='ltr'><strong>τῶν</strong></span> <span class='ocrx_word' id='word_1_213' title='bbox 1022 2823 1126 2899; x_wconf 58' lang='grc' dir='ltr'><strong><em>ἄλλων</em></strong></span> <span class='ocrx_word' id='word_1_214' title='bbox 1142 2827 1370 2923; x_wconf 71' lang='grc' dir='ltr'><strong><em>ἐμηχανήσατο,</em></strong></span> <span class='ocrx_word' id='word_1_215' title='bbox 1396 2831 1497 2914; x_wconf 71' lang='grc' dir='ltr'><strong><em>ἔξεστι</em></strong></span> 
     </span>
     <span class='ocr_line' id='line_1_26' title="bbox 283 2930 1502 3028; baseline 0 -22"><span class='ocrx_word' id='word_1_216' title='bbox 283 2940 340 3006; x_wconf 82' lang='grc' dir='ltr'><strong>καὶ</strong></span> <span class='ocrx_word' id='word_1_217' title='bbox 368 2934 488 3007; x_wconf 75' lang='grc' dir='ltr'><strong><em>τούτων</em></strong></span> <span class='ocrx_word' id='word_1_218' title='bbox 517 2930 666 3028; x_wconf 75' lang='lat' dir='ltr'><strong>oiaoderv).</strong></span> <span class='ocrx_word' id='word_1_219' title='bbox 715 2945 817 3025; x_wconf 88' lang='lat' dir='ltr'><strong>Atque</strong></span> <span class='ocrx_word' id='word_1_220' title='bbox 838 2943 865 3006; x_wconf 91' lang='lat' dir='ltr'><strong>si</strong></span> <span class='ocrx_word' id='word_1_221' title='bbox 889 2950 1010 3025; x_wconf 89' lang='lat' dir='ltr'><strong>quanta</strong></span> <span class='ocrx_word' id='word_1_222' title='bbox 1039 2949 1108 3007; x_wconf 85' lang='lat' dir='ltr'><strong>tum</strong></span> <span class='ocrx_word' id='word_1_223' title='bbox 1138 2943 1217 3007; x_wconf 90' lang='lat' dir='ltr'><strong>artis</strong></span> <span class='ocrx_word' id='word_1_224' title='bbox 1247 2943 1379 3008; x_wconf 88' lang='lat' dir='ltr'><strong>bellicae</strong></span> <span class='ocrx_word' id='word_1_225' title='bbox 1409 2941 1502 3006; x_wconf 88' lang='lat' dir='ltr'><strong>laude</strong></span> 
     </span>
     <span class='ocr_line' id='line_1_27' title="bbox 285 3031 1505 3132; baseline -0.002 -18"><span class='ocrx_word' id='word_1_226' title='bbox 285 3031 437 3132; x_wconf 83' lang='lat' dir='ltr'><strong>Spartani</strong></span> <span class='ocrx_word' id='word_1_227' title='bbox 461 3046 628 3112; x_wconf 87' lang='lat' dir='ltr'><strong>floruerint</strong></span> <span class='ocrx_word' id='word_1_228' title='bbox 649 3049 856 3131; x_wconf 85' lang='lat' dir='ltr'><strong>reputaveris,</strong></span> <span class='ocrx_word' id='word_1_229' title='bbox 879 3050 984 3112; x_wconf 91' lang='lat' dir='ltr'><strong>minus</strong></span> <span class='ocrx_word' id='word_1_230' title='bbox 1006 3047 1145 3113; x_wconf 89' lang='lat' dir='ltr'><strong>offendes</strong></span> <span class='ocrx_word' id='word_1_231' title='bbox 1161 3049 1247 3132; x_wconf 92' lang='lat' dir='ltr'><strong>quod</strong></span> <span class='ocrx_word' id='word_1_232' title='bbox 1269 3050 1303 3112; x_wconf 92' lang='lat' dir='ltr'><strong>in</strong></span> <span class='ocrx_word' id='word_1_233' title='bbox 1325 3048 1505 3113; x_wconf 86' lang='lat' dir='ltr'><strong>enarranda</strong></span> 
     </span>
     <span class='ocr_line' id='line_1_28' title="bbox 283 3152 1542 3237; baseline 0 -19"><span class='ocrx_word' id='word_1_234' title='bbox 283 3175 392 3219; x_wconf 90' lang='lat' dir='ltr'><strong>eorum</strong></span> <span class='ocrx_word' id='word_1_235' title='bbox 421 3154 647 3220; x_wconf 91' lang='lat' dir='ltr'><strong>consuetudine</strong></span> <span class='ocrx_word' id='word_1_236' title='bbox 679 3155 812 3220; x_wconf 86' lang='lat' dir='ltr'><strong>militari</strong></span> <span class='ocrx_word' id='word_1_237' title='bbox 841 3156 967 3237; x_wconf 90' lang='lat' dir='ltr'><strong>longius</strong></span> <span class='ocrx_word' id='word_1_238' title='bbox 1000 3154 1133 3220; x_wconf 88' lang='lat' dir='ltr'><strong>fortasse</strong></span> <span class='ocrx_word' id='word_1_239' title='bbox 1164 3177 1259 3237; x_wconf 88' lang='lat' dir='ltr'><strong>quam</strong></span> <span class='ocrx_word' id='word_1_240' title='bbox 1291 3176 1349 3237; x_wconf 92' lang='lat' dir='ltr'><strong>pro</strong></span> <span class='ocrx_word' id='word_1_241' title='bbox 1380 3155 1505 3219; x_wconf 89' lang='lat' dir='ltr'><strong>ambitu</strong></span> <span class='ocrx_word' id='word_1_242' title='bbox 1535 3152 1542 3168; x_wconf 77' lang='lat'><strong><em>⁴</em></strong></span> 
     </span>
     <span class='ocr_line' id='line_1_29' title="bbox 284 3249 1506 3352; baseline -0.002 -27"><span class='ocrx_word' id='word_1_243' title='bbox 284 3249 427 3344; x_wconf 86' lang='lat' dir='ltr'><strong>opusculi</strong></span> <span class='ocrx_word' id='word_1_244' title='bbox 451 3261 587 3352; x_wconf 88' lang='lat' dir='ltr'><strong>scriptor</strong></span> <span class='ocrx_word' id='word_1_245' title='bbox 606 3262 725 3325; x_wconf 83' lang='lat' dir='ltr'><strong>versari</strong></span> <span class='ocrx_word' id='word_1_246' title='bbox 741 3262 874 3335; x_wconf 86' lang='lat' dir='ltr'><strong>videtur,</strong></span> <span class='ocrx_word' id='word_1_247' title='bbox 890 3282 954 3344; x_wconf 90' lang='lat' dir='ltr'><strong>qua</strong></span> <span class='ocrx_word' id='word_1_248' title='bbox 970 3260 1009 3324; x_wconf 91' lang='lat' dir='ltr'><strong>de</strong></span> <span class='ocrx_word' id='word_1_249' title='bbox 1026 3281 1061 3324; x_wconf 93' lang='lat' dir='ltr'><strong>re</strong></span> <span class='ocrx_word' id='word_1_250' title='bbox 1084 3259 1121 3325; x_wconf 87' lang='lat' dir='ltr'><strong>cf.</strong></span> <span class='ocrx_word' id='word_1_251' title='bbox 1138 3261 1201 3325; x_wconf 88' lang='lat' dir='ltr'><strong>Xll</strong></span> <span class='ocrx_word' id='word_1_252' title='bbox 1220 3270 1236 3326; x_wconf 84' lang='grc'>7</span> <span class='ocrx_word' id='word_1_253' title='bbox 1262 3249 1312 3324; x_wconf 84' lang='grc' dir='ltr'><strong>ὅτι</strong></span> <span class='ocrx_word' id='word_1_254' title='bbox 1336 3258 1373 3324; x_wconf 71' lang='grc' dir='ltr'><strong>δὲ</strong></span> <span class='ocrx_word' id='word_1_255' title='bbox 1396 3252 1506 3324; x_wconf 74' lang='grc' dir='ltr'><strong><em>πολλὰ</em></strong></span> 
     </span>
     <span class='ocr_line' id='line_1_30' title="bbox 285 3354 1504 3454; baseline 0 -24"><span class='ocrx_word' id='word_1_256' title='bbox 285 3357 398 3454; x_wconf 71' lang='grc' dir='ltr'><em>γράφω</em></span> <span class='ocrx_word' id='word_1_257' title='bbox 421 3367 501 3452; x_wconf 90' lang='lat' dir='ltr'><strong>(scil.</strong></span> <span class='ocrx_word' id='word_1_258' title='bbox 526 3367 564 3430; x_wconf 91' lang='lat' dir='ltr'><strong>de</strong></span> <span class='ocrx_word' id='word_1_259' title='bbox 587 3389 621 3430; x_wconf 92' lang='lat' dir='ltr'><strong>re</strong></span> <span class='ocrx_word' id='word_1_260' title='bbox 642 3366 789 3452; x_wconf 89' lang='lat' dir='ltr'><strong>militari)</strong></span> <span class='ocrx_word' id='word_1_261' title='bbox 814 3354 850 3430; x_wconf 74' lang='lat' dir='ltr'><strong>ori</strong></span> <span class='ocrx_word' id='word_1_262' title='bbox 873 3366 922 3430; x_wconf 81' lang='grc' dir='ltr'><strong><em>δεῖ</em></strong></span> <span class='ocrx_word' id='word_1_263' title='bbox 945 3358 1139 3448; x_wconf 72' lang='grc' dir='ltr'><strong><em>θαυμάζειν·</em></strong></span> <span class='ocrx_word' id='word_1_264' title='bbox 1163 3355 1281 3453; x_wconf 75' lang='grc' dir='ltr'><strong><em>ἥκιστα</em></strong></span> <span class='ocrx_word' id='word_1_265' title='bbox 1304 3357 1364 3453; x_wconf 74' lang='grc' dir='ltr'><strong>γὰρ</strong></span> <span class='ocrx_word' id='word_1_266' title='bbox 1387 3371 1504 3431; x_wconf 77' lang='grc' dir='ltr'><strong><em>Λατε-</em></strong></span> 
     </span>
     <span class='ocr_line' id='line_1_31' title="bbox 284 3460 1507 3558; baseline 0 -23"><span class='ocrx_word' id='word_1_267' title='bbox 284 3460 1507 3558; x_wconf 47' lang='lat' dir='ltr'><strong>dmfflmfflfflfflmwmfflwfflwmmwwmwmffiw</strong></span> 
     </span>
     <span class='ocr_line' id='line_1_32' title="bbox 283 3574 1506 3664; baseline 0 -22"><span class='ocrx_word' id='word_1_268' title='bbox 283 3579 332 3643; x_wconf 75' lang='lat' dir='ltr'><strong>dei</strong></span> <span class='ocrx_word' id='word_1_269' title='bbox 355 3574 552 3660; x_wconf 75' lang='grc' dir='ltr'><strong><em>ἐπιμελείας.</em></strong></span> <span class='ocrx_word' id='word_1_270' title='bbox 599 3578 729 3644; x_wconf 91' lang='lat' dir='ltr'><strong>Minime</strong></span> <span class='ocrx_word' id='word_1_271' title='bbox 751 3600 825 3643; x_wconf 85' lang='lat' dir='ltr'><strong>vero</strong></span> <span class='ocrx_word' id='word_1_272' title='bbox 848 3578 1025 3643; x_wconf 88' lang='lat' dir='ltr'><strong>audiendus</strong></span> <span class='ocrx_word' id='word_1_273' title='bbox 1049 3583 1096 3642; x_wconf 89' lang='lat' dir='ltr'><strong>est</strong></span> <span class='ocrx_word' id='word_1_274' title='bbox 1120 3579 1296 3664; x_wconf 79' lang='lat' dir='ltr'><strong>Enerus1),</strong></span> <span class='ocrx_word' id='word_1_275' title='bbox 1332 3579 1387 3661; x_wconf 92' lang='lat' dir='ltr'><strong>qui</strong></span> <span class='ocrx_word' id='word_1_276' title='bbox 1412 3600 1506 3663; x_wconf 89' lang='lat' dir='ltr'><strong>capp.</strong></span> 
     </span>
     <span class='ocr_line' id='line_1_33' title="bbox 282 3667 1508 3767; baseline 0.001 -20"><span class='ocrx_word' id='word_1_277' title='bbox 282 3682 329 3749; x_wconf 89' lang='lat' dir='ltr'><strong>XI</strong></span> <span class='ocrx_word' id='word_1_278' title='bbox 356 3706 423 3767; x_wconf 92' lang='lat' dir='ltr'><strong>sqq.</strong></span> <span class='ocrx_word' id='word_1_279' title='bbox 452 3684 526 3748; x_wconf 91' lang='lat' dir='ltr'><strong>inde</strong></span> <span class='ocrx_word' id='word_1_280' title='bbox 555 3684 596 3748; x_wconf 91' lang='lat' dir='ltr'><strong>ab</strong></span> <span class='ocrx_word' id='word_1_281' title='bbox 626 3685 718 3750; x_wconf 90' lang='lat' dir='ltr'><strong>initio</strong></span> <span class='ocrx_word' id='word_1_282' title='bbox 747 3706 817 3750; x_wconf 91' lang='lat' dir='ltr'><strong>cum</strong></span> <span class='ocrx_word' id='word_1_283' title='bbox 846 3667 1061 3767; x_wconf 89' lang='lat' dir='ltr'><strong>superioribus</strong></span> <span class='ocrx_word' id='word_1_284' title='bbox 1092 3706 1181 3766; x_wconf 90' lang='lat' dir='ltr'><strong>capp.</strong></span> <span class='ocrx_word' id='word_1_285' title='bbox 1208 3685 1376 3748; x_wconf 90' lang='lat' dir='ltr'><strong>coniuncta</strong></span> <span class='ocrx_word' id='word_1_286' title='bbox 1407 3685 1508 3749; x_wconf 88' lang='lat' dir='ltr'><strong>fuisse</strong></span> 
     </span>
     <span class='ocr_line' id='line_1_34' title="bbox 282 3786 1507 3874; baseline -0.002 -19"><span class='ocrx_word' id='word_1_287' title='bbox 282 3786 387 3873; x_wconf 88' lang='lat' dir='ltr'><strong>negat.</strong></span> <span class='ocrx_word' id='word_1_288' title='bbox 424 3790 570 3874; x_wconf 89' lang='lat' dir='ltr'><strong>Namque</strong></span> <span class='ocrx_word' id='word_1_289' title='bbox 593 3797 679 3857; x_wconf 90' lang='lat' dir='ltr'><strong>errat</strong></span> <span class='ocrx_word' id='word_1_290' title='bbox 701 3791 755 3855; x_wconf 92' lang='lat' dir='ltr'><strong>ille</strong></span> <span class='ocrx_word' id='word_1_291' title='bbox 771 3790 856 3874; x_wconf 90' lang='lat' dir='ltr'><strong>quod</strong></span> <span class='ocrx_word' id='word_1_292' title='bbox 878 3797 978 3855; x_wconf 93' lang='lat' dir='ltr'><strong>totum</strong></span> <span class='ocrx_word' id='word_1_293' title='bbox 995 3791 1180 3873; x_wconf 90' lang='lat' dir='ltr'><strong>opusculum</strong></span> <span class='ocrx_word' id='word_1_294' title='bbox 1203 3791 1250 3854; x_wconf 90' lang='lat' dir='ltr'><strong>ita</strong></span> <span class='ocrx_word' id='word_1_295' title='bbox 1267 3790 1419 3873; x_wconf 90' lang='lat' dir='ltr'><strong>scripturn</strong></span> <span class='ocrx_word' id='word_1_296' title='bbox 1437 3810 1507 3856; x_wconf 90' lang='lat' dir='ltr'><strong>esse</strong></span> 
     </span>
     <span class='ocr_line' id='line_1_35' title="bbox 264 3896 1508 3994; baseline 0 -32"><span class='ocrx_word' id='word_1_297' title='bbox 264 3897 433 3985; x_wconf 84' lang='lat' dir='ltr'><strong>¹opinatur</strong></span> <span class='ocrx_word' id='word_1_298' title='bbox 463 3897 555 3994; x_wconf 83' lang='lat' dir='ltr'><strong>quasi</strong></span> <span class='ocrx_word' id='word_1_299' title='bbox 584 3918 801 3980; x_wconf 89' lang='lat' dir='ltr'><strong>quaecumque</strong></span> <span class='ocrx_word' id='word_1_300' title='bbox 830 3919 867 3962; x_wconf 90' lang='lat' dir='ltr'><strong>eo</strong></span> <span class='ocrx_word' id='word_1_301' title='bbox 898 3896 1100 3980; x_wconf 87' lang='lat' dir='ltr'><strong>proferantur</strong></span> <span class='ocrx_word' id='word_1_302' title='bbox 1133 3896 1244 3961; x_wconf 92' lang='lat' dir='ltr'><strong>ceteris</strong></span> <span class='ocrx_word' id='word_1_303' title='bbox 1274 3896 1404 3962; x_wconf 86' lang='lat' dir='ltr'><strong>Graecis</strong></span> <span class='ocrx_word' id='word_1_304' title='bbox 1433 3897 1508 3962; x_wconf 90' lang='lat' dir='ltr'><strong>imi-</strong></span> 
     </span>
     <span class='ocr_line' id='line_1_36' title="bbox 283 4001 1508 4086; baseline -0.001 -19"><span class='ocrx_word' id='word_1_305' title='bbox 283 4001 383 4067; x_wconf 90' lang='lat' dir='ltr'><strong>tanda</strong></span> <span class='ocrx_word' id='word_1_306' title='bbox 412 4003 686 4079; x_wconf 84' lang='lat' dir='ltr'><strong>commendentur3</strong></span> <span class='ocrx_word' id='word_1_307' title='bbox 722 4002 807 4085; x_wconf 91' lang='lat' dir='ltr'><strong>qnod</strong></span> <span class='ocrx_word' id='word_1_308' title='bbox 840 4003 867 4067; x_wconf 91' lang='lat' dir='ltr'><strong>si</strong></span> <span class='ocrx_word' id='word_1_309' title='bbox 898 4024 1005 4066; x_wconf 87' lang='lat' dir='ltr'><strong>verum</strong></span> <span class='ocrx_word' id='word_1_310' title='bbox 1039 4009 1137 4079; x_wconf 90' lang='lat' dir='ltr'><strong>esset,</strong></span> <span class='ocrx_word' id='word_1_311' title='bbox 1172 4001 1258 4066; x_wconf 90' lang='lat' dir='ltr'><strong>haud</strong></span> <span class='ocrx_word' id='word_1_312' title='bbox 1292 4023 1394 4086; x_wconf 91' lang='lat' dir='ltr'><strong>pauca</strong></span> <span class='ocrx_word' id='word_1_313' title='bbox 1428 4023 1508 4067; x_wconf 87' lang='lat' dir='ltr'><strong>sane</strong></span> 
     </span>
    </p>
   </div>
   <div class='ocr_carea' id='block_1_2' title="bbox 375 4233 631 4302">
    <p class='ocr_par' dir='ltr' id='par_1_2' title="bbox 375 4233 631 4302">
     <span class='ocr_line' id='line_1_37' title="bbox 375 4233 631 4302; baseline 0 -16"><span class='ocrx_word' id='word_1_314' title='bbox 375 4234 394 4302; x_wconf 86' lang='lat'><strong>¹)</strong></span> <span class='ocrx_word' id='word_1_315' title='bbox 412 4233 442 4287; x_wconf 91' lang='lat' dir='ltr'><strong>L.</strong></span> <span class='ocrx_word' id='word_1_316' title='bbox 462 4250 483 4288; x_wconf 89' lang='lat' dir='ltr'><strong>c.</strong></span> <span class='ocrx_word' id='word_1_317' title='bbox 502 4235 558 4300; x_wconf 75' lang='lat' dir='ltr'><strong>pl</strong></span> <span class='ocrx_word' id='word_1_318' title='bbox 577 4250 631 4301; x_wconf 91' lang='lat' dir='ltr'><strong>sqq.</strong></span> 
     </span>
    </p>
   </div>
   <div class='ocr_carea' id='block_1_3' title="bbox 0 0 1630 4894">
    <p class='ocr_par' dir='ltr' id='par_1_3' title="bbox 0 0 1630 4894">
     <span class='ocr_line' id='line_1_38' title="bbox 0 0 1630 4894; baseline 0 0"><span class='ocrx_word' id='word_1_319' title='bbox 0 0 1630 4894; x_wconf 95' lang='lat' dir='ltr'><strong> </strong></span> 
     </span>
    </p>
   </div>
  </div>
 </body>
</html>
