3236 4894
747 236 785 292 21

145 447 195 510 lta
228 467 305 509 sane
333 467 404 509 cum
433 443 603 508 Aristotele
637 441 730 506 Polit.
757 441 784 506 V
815 440 913 522 (nunc
937 439 997 525 Vl)
1041 447 1123 505 1313
1147 462 1167 504 a
1190 447 1230 504 ’36
1255 462 1301 523 sq.
1334 447 1366 506 et

143 551 317 617 Plutarcho
347 552 420 634 Lyc.
448 559 465 613 7
489 555 521 613 et
545 557 584 613 29
615 560 647 611 et
674 547 745 612 aliis
777 547 977 611 consentiret.
1024 546 1085 612 Sed
1112 568 1180 610 cum
1203 552 1288 610 totus
1312 547 1364 611 hic

144 659 273 723 libellus
296 659 330 720 in
354 656 503 720 laudibus
524 662 664 719 versetur
680 653 827 737 Lycurgi,
851 653 902 718 cui
918 653 1039 735 optima
1055 674 1199 736 quaeque
1217 653 1366 717 instituta
1428 698 1430 704 -

146 763 325 846 Xenophon
354 763 512 836 attribuit,
542 761 671 824 minime
700 767 747 823 est
778 759 845 823 veri
868 759 970 823 simile
994 781 1066 824 eum
1088 758 1248 840 egregium
1272 758 1369 841 epho-

146 891 254 934 rorum
286 869 468 933 institutum
492 889 554 930 non
580 867 724 948 Lycurgo
746 866 800 930 sed
823 866 896 929 aliis
919 865 1126 930 adiudicaese.
1140 866 1165 949 1)
1210 868 1315 948 Atque
1341 865 1368 928 si

145 984 269 1058 spectas
300 980 319 1055 ξ
344 983 362 1038 5
396 974 506 1038 verba:
541 970 673 1036 πολλῶν
706 969 742 1036 δὲ
776 969 832 1035 καὶ
867 959 972 1035 ἄλλων
1007 958 1105 1035 ὅντων
1137 963 1369 1058 μηχανημάτων

146 1079 253 1145 καλῶν
270 1078 329 1166 τῷ
353 1071 534 1166 Λυκούργῳ
562 1074 609 1155 εἰς
636 1069 673 1142 τὸ
703 1074 893 1142 πείθεσθαι
915 1081 985 1154 τοῖς
1008 1069 1120 1159 νόμοις
1144 1075 1271 1140 ababa
1294 1068 1368 1153 τοὺς

146 1184 295 1265 πολίτας,
321 1188 389 1251 luce
409 1195 456 1252 est
476 1187 592 1251 clarius
609 1184 739 1266 verbum
760 1175 1059 1267 συγκατασκευάσαι
1081 1184 1128 1248 ita
1143 1183 1185 1247 ad
1200 1184 1368 1266 optimates

145 1300 289 1377 spectare
319 1299 356 1356 ut
391 1313 577 1357 consensum
609 1312 715 1355 eorum
746 1313 817 1355 cum
848 1292 992 1374 Lycurgo
1023 1288 1188 1372 significet,
1228 1289 1266 1353 de
1304 1309 1367 1372 quo

142 1422 242 1483 supra
264 1379 397 1480 legimus
421 1402 440 1479 ξ
466 1408 498 1461 1;
533 1387 760 1482 ὁμογνώμονας
791 1389 971 1484 ἐποιήσατο
994 1387 1068 1472 τοὺς
1090 1391 1281 1479 κρατίστους
1303 1393 1368 1459 τῶν

147 1503 180 1568 ἐν
202 1503 241 1592 τῇ
264 1497 369 1569 πόλει.

234 1610 279 1676 Ut
294 1633 366 1676 vero
389 1611 454 1674 iam
477 1610 517 1674 ad
541 1610 674 1674 alteram
697 1615 896 1674 transeamus
919 1609 1179 1683 enuntiationem,
1201 1608 1366 1674 haeremus

143 1717 177 1778 in
202 1717 296 1780 uerbo
327 1707 487 1803 ἡγήσατο,
520 1716 605 1797 quod
636 1736 698 1796 quo
729 1716 887 1796 pertineat
917 1736 981 1778 non
1009 1715 1214 1794 intellegitur.
1257 1715 1367 1796 Neque

143 1823 250 1904 placet
274 1823 359 1904 quod
383 1821 545 1896 nonnulli,
569 1821 652 1885 inter
674 1841 754 1902 quos
777 1819 936 1884 Weiskius
960 1826 991 1884 et
1013 1817 1232 1896 Schneiderus‚
1256 1819 1366 1886 Came·
1395 1807 1398 1812 ⁵

139 1929 218 1991 rarii
242 1928 534 2010 interpretationem
558 1926 656 1990 secuti
685 1926 884 1991 scribendum
912 1947 981 1990 esse
1004 1926 1170 1990 voluerunt
1197 1916 1364 2013 ἡγήσαντο,

142 2041 178 2098 ut
201 2033 242 2098 ad
265 2033 424 2116 principes
455 2037 574 2114 spectet
597 2032 652 2114 qui
675 2039 770 2096 antea
797 2053 869 2095 cum
891 2033 1036 2116 Lycurgo
1067 2024 1362 2116 σιγκατασκενάσαι

138 2140 300 2204 dicuntur.
355 2138 442 2215 Quae
475 2138 662 2213 emendatio,
692 2137 767 2202 licet
797 2138 879 2202 lenis
909 2159 976 2203 esse
1008 2138 1169 2214 videatur,
1203 2141 1365 2204 contextui

141 2246 236 2309 huius
260 2245 321 2310 loci
344 2246 474 2308 minime
494 2244 648 2309 convenit.
695 2243 777 2307 Nam
801 2244 952 2326 quoniam
981 2244 1023 2308 ad
1046 2246 1225 2328 Lycurgum
1254 2246 1364 2328 utique

146 2351 337 2433 ephororum
360 2351 519 2414 institutio
542 2373 562 2414 a
585 2351 738 2432 scriptore
768 2356 915 2414 revocata
938 2358 1002 2427 est,
1034 2351 1145 2434 quidni
1173 2352 1232 2417 hoc
1255 2359 1364 2436 aperte

144 2456 269 2520 dicatur
292 2477 487 2537 summopere
510 2456 671 2522 miramur.
711 2454 776 2521 Cur
799 2456 838 2522 de
861 2457 1069 2539 optimatibus
1085 2458 1261 2540 Spartanis,
1288 2459 1366 2540 quid

141 2561 353 2627 iudicaverint
375 2582 476 2626 sermo
509 2567 570 2637 est,
601 2584 663 2627 non
694 2563 733 2626 de
763 2562 928 2646 Lycurgo?
975 2565 1017 2627 At
1039 2563 1117 2628 alibi
1146 2564 1265 2647 ubique
1294 2586 1365 2628 cum

139 2669 241 2750 legem
271 2669 412 2750 aliquam
444 2669 493 2733 rel
521 2669 705 2733 institutum
734 2669 872 2753 Lycurgi
901 2677 1124 2734 commemorat
1153 2670 1238 2735 clare
1267 2675 1364 2753 atque

139 2775 289 2838 distincte
320 2775 381 2838 hoc
404 2775 540 2857 scriptor
571 2775 760 2858 pronuntiat
789 2783 1013 2859 auctoremque
1043 2775 1213 2840 collaudat.
1259 2778 1363 2858 Quare

139 2900 197 2942 suo
220 2880 287 2943 iure
309 2881 501 2944 recentiores
518 2881 707 2964 interpretes
730 2881 873 2972 codicum
896 2882 1084 2964 scripturam
1109 2873 1249 2970 ἡγήσατο
1273 2905 1362 2949 revo-

139 2990 262 3058 carunt,
286 2985 345 3048 etsi
374 3007 413 3049 ne
441 2985 474 3048 hi
498 2985 626 3068 quidem
656 2993 739 3052 recte
769 3009 838 3051 eam
866 2988 1024 3071 explicare
1052 2996 1208 3071 poterant.
1252 2990 1373 3074 Neque*

139 3089 225 3152 enim
248 3088 368 3154 Haasio
392 3091 483 3155 facile
505 3083 674 3173 quisquam
698 3093 957 3176 adstipulabitur.
1002 3083 1047 3161 ‘si
1070 3095 1206 3178 quidem,
1229 3097 1276 3162 ait
1297 3098 1361 3176 ille,

138 3199 265 3259 constat
298 3196 332 3258 in
366 3195 422 3260 illo
457 3189 755 3282 συγκατασκευάσαι
793 3199 1038 3281 intellegendum
1071 3223 1153 3267 esse:
1192 3225 1256 3268 una
1289 3227 1360 3270 cum

139 3299 284 3384 Lycurgo
312 3302 482 3385 optimates
516 3325 628 3367 munus
662 3305 844 3387 ephoricum
875 3305 1067 3371 inst‘tuisse:
1096 3330 1159 3372 non
1192 3309 1360 3375 admodum

136 3407 253 3470 mirum
281 3414 329 3472 est
363 3408 449 3491 quod
489 3408 530 3472 ad
560 3431 629 3473 eum
664 3432 762 3474 unum
791 3412 855 3475 iam
889 3413 973 3478 redit
1006 3402 1129 3479 oratio'
1184 3418 1226 3480 At
1258 3439 1360 3500 neque

137 3513 257 3576 mentio
280 3511 317 3578 fit
340 3514 478 3598 Lycurgi
510 3517 543 3579 in
574 3515 614 3579 iis
645 3537 727 3598 quae
755 3517 949 3601 praecedunt
979 3520 1169 3598 enuntiatis,
1198 3529 1234 3585 ut
1257 3523 1358 3586 oratio

137 3618 179 3680 ad
203 3641 274 3684 eum
297 3621 401 3685 redire
423 3621 534 3704 possit,
558 3643 659 3705 neque
681 3623 742 3688 hoc
764 3625 867 3708 ipsum
891 3625 929 3688 de
945 3647 1007 3708 quo
1031 3627 1137 3708 agitur
1160 3629 1358 3692 enuntiatum

137 3723 201 3806 tale
232 3730 279 3789 est
309 3734 346 3790 ut
376 3727 416 3790 ad
450 3728 580 3792 verbum
610 3718 751 3816 Ιἡγήσατο
781 3731 918 3814 Lycurgi
948 3753 1061 3796 nomen
1091 3734 1169 3797 satis
1198 3734 1358 3800 commode

136 3827 359 3895 subaudiatur.
406 3832 524 3916 Incipit
547 3835 630 3898 enim
660 3835 739 3901 haec
768 3837 926 3900 sententia
954 3839 1112 3921 particula
1134 3831 1194 3924 γάρ
1225 3839 1359 3924 ideoque

227 4095 246 4160 1)
266 4093 384 4160 Ephorus
403 4111 418 4148 a
437 4095 558 4164 Lycurgo
576 4098 713 4151 institutos
731 4116 794 4164 esse,
822 4118 887 4169 qnae
906 4104 1024 4170 vulgaris
1042 4103 1122 4157 fuisso
1141 4105 1227 4172 opinio
1246 4105 1357 4173 ridetur,

133 4179 245 4233 uadunt
269 4181 363 4235 Herod.
384 4182 396 4234 l
416 4187 449 4238 65
474 4181 540 4252 apris
564 4205 593 4235 τε
612 4183 731 4238 τούτοισι
756 4183 819 4243 eois
838 4187 948 4262 ἐφόρους
966 4198 1010 4244 καὶ
1028 4198 1157 4264 γέροντας
1181 4197 1278 4258 ἔστησε
1298 4197 1357 4244 Ar·—

133 4267 249 4337 κοῧογοο,
270 4269 342 4325 Plut.
360 4271 438 4340 Ages.
458 4277 482 4339 5,
502 4272 556 4326 alii.
