3236 4894
146 442 215 506 Ioco
239 447 305 505 tam
328 450 440 523 argute
462 442 667 524 magistratus
689 463 710 506 a
732 442 855 524 legibus
871 441 1044 506 seiunxisse
1060 448 1096 506 ut
1111 440 1176 505 illis
1192 441 1366 524 Spartanos

147 547 242 612 etiam
280 549 417 612 maxime
451 548 591 612 omnium
625 548 774 612 oboedire
807 549 892 622 velit,
926 569 990 614 non
1024 549 1099 612 item
1129 547 1253 629 legibus
1276 569 1367 613 nemo

146 653 260 720 credet.
308 655 412 736 Atque
434 655 508 718 licet
532 655 565 718 in
588 655 696 737 priore
718 676 785 737 cap.
811 652 889 717 VIII
910 661 1001 738 parte
1024 654 1110 737 ipsis·
1119 653 1247 736 quidem
1263 653 1367 719 verbis

146 758 231 840 leges
263 779 327 822 non
356 769 647 846 commemorentur,
671 761 742 842 quis
764 760 882 825 idcirco
906 782 940 824 cc
966 758 1023 823 καὶ
1045 763 1115 837 τοῖς
1138 751 1249 842 νόμοις
1271 759 1368 824 verba

146 867 256 947 inepta
290 872 386 947 atque
417 865 559 929 eiciendo
590 887 657 930 esse
686 866 903 931 existimabit?
949 866 1031 931 Nam
1060 866 1146 948 quod
1173 869 1193 946 ξ
1217 873 1234 930 2
1260 886 1367 929 omnes

148 970 298 1054 Spartani
328 971 401 1036 ilico
431 972 670 1053 magistratibus
693 971 911 1054 obtemperare
934 973 1093 1048 dicuntur,
1126 992 1217 1036 nemo
1240 972 1368 1053 ignorat

148 1078 207 1142 hoc
229 1075 299 1141 fieri
328 1098 392 1141 nou
420 1099 522 1160 posse,
553 1079 614 1142 nisi
641 1078 737 1142 iidem
767 1078 890 1159 legibus
913 1084 1056 1162 pareant,
1091 1076 1263 1141 secundum
1286 1098 1366 1158 quas

148 1182 353 1264 magistratus
388 1205 516 1247 munere
549 1206 606 1249 suo
639 1182 825 1265 funguntur.
871 1185 975 1267 Atque
1010 1183 1094 1248 infra
1122 1187 1142 1264 ξ
1170 1192 1188 1248 5
1218 1183 1367 1247 distincte
1440 1223 1444 1232 ·

147 1287 265 1352 dicitur
298 1285 429 1352 πολλῶν
462 1286 499 1352 δὲ
532 1288 588 1352 καὶ
623 1277 750 1353 α’λλιον
782 1276 881 1353 iivrror
913 1281 1146 1378 μηχανημάτων
1179 1286 1286 1353 καλῶν
1320 1284 1368 1372 τῷ

148 1385 329 1479 Λι·κοι’·ργῳ
352 1389 399 1470 εἰς
422 1385 459 1457 τὸ
477 1391 664 1459 πείθεσθαι
692 1399 783 1472 τοῖς
807 1387 952 1478 νόμοις
976 1393 1103 1468 ἐθέλειν
1124 1387 1199 1472 τοὺς
1214 1390 1367 1472 πολίτας,

147 1500 231 1564 unde
260 1500 398 1565 dilucide
428 1510 563 1583 apparet
590 1523 806 1584 quaecumque
837 1490 933 1568 antea
964 1508 1137 1566 memorata
1160 1508 1235 1567 sunt
1257 1500 1366 1582 legum

151 1605 422 1670 observandarum
465 1628 562 1671 causa
603 1607 783 1692 Lycurgum
826 1609 1011 1673 instituisse.
1069 1607 1120 1671 Ad
1153 1608 1238 1688 leges
1271 1607 1369 1688 igitur

148 1713 244 1776 etiam
267 1713 431 1794 superiora
453 1713 629 1795 pertinent:
649 1735 722 1777 curn
745 1714 949 1795 magistratui
972 1713 1144 1778 oboediunt
1165 1713 1257 1789 cives,
1281 1714 1367 1794 leges

149 1838 274 1900 quoque
296 1825 433 1901 sequunt
432 1841 486 1896 ur;
509 1819 550 1882 ad
566 1820 650 1901 leges
667 1819 801 1884 tuendas
826 1819 992 1903 ephoros
984 1825 1062 1883 rnstr
1051 1819 1127 1883 ituit
1149 1817 1313 1902 Lycurgus
1331 1820 1366 1900 1),

149 1924 204 2006 qui
237 1925 343 1988 omnia
376 1946 459 2008 quae
493 1932 604 1989 contra
637 1947 689 1990 eas
725 1926 809 1989 iacta
790 1932 948 1990 aessent
935 1926 1055 1990 tilico
1078 1924 1276 1988 animadvert
1263 1931 1367 1987 terent

148 2035 245 2112 atque
268 2030 407 2112 ipsorum
430 2033 546 2112 magist
547 2040 597 2095 rat
599 2053 674 2095 uum
692 2032 797 2096 licent
774 2038 852 2096 tram
875 2031 1048 2096 secundum
1070 2031 1155 2112 leges
1178 2037 1367 2094 coercerent

149 2133 193 2199 Cf.
210 2139 265 2216 §4
287 2129 444 2223 τοσαίτηι
466 2132 548 2199 δὲ
527 2159 650 2217 ιχονιες
664 2138 690 2220 2)
715 2129 848 2219 doraum
869 2132 997 2222 (scil.
969 2162 999 2200 οι
1026 2133 1154 2225 ἔφοροι)
1179 2123 1233 2216 οὗ)
1256 2124 1368 2219 ὥσπερ

148 2235 183 2304 αἱ
206 2228 301 2305 οἷλλαι
334 2182 496 2319 πόλελς
481 2263 559 2306 eroco
587 2235 661 2319 τοίς
683 2237 875 2330 αἱρεθέντας
897 2235 1092 2328 διάρχειν
1059 2266 1097 2306 το
1121 2238 1192 2319 ἔτος
1216 2231 1308 2318 ὅπως
1330 2265 1369 2304 αν

148 2338 334 2429 βοολωνιαι,
359 2335 471 2411 αλλΗ
453 2337 564 2434 (tierneo
588 2343 618 2412 oi
641 2341 786 2435 τίραννοι
807 2347 863 2412 καὶ
885 2344 914 2412 oi
932 2347 965 2412 ἕν
980 2352 1049 2426 τοῖς
1065 2351 1230 2434 γυμνικοῖς
1245 2335 1367 2433 ἀγῶσιν

150 2445 337 2532 ἐπιστάται,
359 2441 478 2540 {jonna
490 2447 711 2518 αἰσθάνωνται
735 2446 1048 2540 παρανομοῦντά
1070 2478 1122 2533 τι,
1139 2442 1238 2530 εὐθὺς
1260 2477 1368 2538 παρα-

147 2557 251 2646 χρῆμα
273 2551 455 2638 κολάζουσι.
494 2561 591 2625 Vides
618 2561 715 2626 verba
737 2583 772 2624 τε
794 2558 849 2624 καὶ
873 2563 942 2637 τοῖς
964 2551 1075 2642 νόμοις
1106 2581 1169 2623 non
1193 2558 1368 2633 abundare,

149 2666 234 2748 quod
257 2667 326 2730 vult
349 2667 496 2744 Steinius,
531 2667 585 2731 sed
613 2688 743 2750 prorsus
775 2688 842 2732 esse
865 2668 1050 2731 necessaria.
1096 2665 1183 2742 Quae
1206 2666 1233 2729 si
1259 2664 1370 2728 subdi-

151 2772 228 2836 ticia
259 2782 371 2847 esseut,
400 2795 538 2855 quonam
566 2774 659 2838 modo
686 2773 770 2838 inter
793 2773 956 2856 scriptoris
979 2772 1075 2837 rerba
1097 2773 1218 2836 inserta
1241 2791 1279 2834 ea
1301 2791 1368 2835 esse

151 2879 318 2960 putemus?
356 2878 486 2944 Minime
509 2880 592 2943 enim
615 2901 653 2942 ex
676 2885 778 2943 vetere
793 2880 1050 2962 praescriptione,
1072 2878 1119 2942 uti
1135 2877 1368 2959 illeopinatur3

148 3005 222 3047 narn
244 2984 271 3046 si
294 3005 374 3066 quas
396 2985 662 3067 praescriptiones
685 2985 811 3049 librarii
835 2985 882 3048 vel
899 2985 1098 3066 grammatici
1114 2982 1247 3065 singulis
1263 2983 1368 3065 operis

147 3090 282 3154 alicuius
304 3091 450 3173 partibus
473 3090 730 3173 praemittebant,
753 3112 807 3155 ras
831 3112 893 3153 non
916 3091 978 3173 ipsi
1002 3089 1120 3171 fingere
1143 3089 1198 3154 sed
1214 3111 1252 3154 ex
1269 3088 1369 3171 scrip-

147 3196 225 3260 toris
253 3197 357 3260 verbis
387 3197 570 3279 depromere
598 3196 757 3272 solebant,
793 3197 882 3260 cuius
911 3197 1008 3260 moris
1037 3201 1087 3259 sat
1115 3196 1215 3260 multa
1238 3201 1365 3260 exstant

149 3302 302 3385 exempla.
1041 3283 1047 3290 ¹

254 3408 341 3472 Idem
362 3431 435 3473 vero
452 3408 600 3485 Steinius‚
623 3413 660 3473 ut
675 3408 789 3492 capitis
804 3406 881 3472 XIV
898 3430 968 3472 cum
987 3407 1110 3489 reliquo
1125 3407 1234 3472 libello
1254 3428 1369 3490 repug-

148 3514 292 3578 nantiam
320 3514 455 3590 tolleret,
479 3536 560 3597 quae
589 3514 649 3578 hoc
675 3515 779 3597 capite
801 3515 1018 3597 proferrentur
1041 3534 1105 3577 non
1129 3513 1163 3576 iu
1186 3513 1367 3578 universum

148 3619 187 3684 de
209 3619 466 3684 Lacedaemoniis
500 3620 562 3685 dici
591 3621 693 3685 voluit
726 3621 781 3685 sed
812 3620 855 3685 de
884 3621 959 3684 solis
992 3619 1171 3694 barmostis‚
1200 3618 1255 3700 qui
1278 3625 1368 3682 extra

148 3724 257 3790 urbem
291 3725 324 3789 in
360 3725 516 3790 sociorum
549 3727 598 3790 vel
631 3724 851 3791 dediticiorum
885 3725 1011 3809 oppidis
1045 3724 1247 3809 superbirent
1270 3730 1368 3805 atque

147 3831 393 3898 luxuriarentur.
440 3830 532 3908 Quod
566 3853 629 3916 quo
663 3833 732 3896 iure
766 3833 821 3896 ille
856 3832 1026 3915 sumpserit
1060 3852 1123 3896 non
1159 3829 1368 3913 assequimur.

147 3937 275 4001 Etenim
303 3938 353 4002 rel
383 3938 486 4021 prima
519 3938 615 4002 hqus
638 3939 752 4021 capitis
785 3938 943 4004 sententia
970 3933 999 4001 εἰ
1038 3935 1075 4001 ds'
1107 3933 1158 4014 τίς
1191 3958 1232 4019 με
1263 3931 1370 4022 ἔροιτο

147 4099 267 4108 ἡ...

238 4187 257 4252 1)
277 4185 396 4254 Lycurgo
413 4187 482 4238 enim
499 4185 652 4253 ephororum
666 4186 817 4240 institutum
833 4187 984 4254 scriptorem
998 4185 1121 4238 tribuisse
1134 4185 1185 4238 vid.
1200 4201 1280 4251 supra
1293 4200 1316 4251 p.
1331 4186 1374 4237 21.

235 4277 256 4341 2)
275 4274 317 4327 lta
337 4273 449 4336 codices;
470 4277 581 4342 ἔχονται
600 4274 705 4341 scripsit
723 4273 874 4328 Dindoriius
893 4274 994 4327 Morum
1014 4277 1126 4326 secutus.
