3236 4894
713 240 751 295 61

124 440 333 518 ἐκπονοῦντες
355 429 534 528 (inplicam,
560 431 642 506 ιῦοοε
667 431 746 530 trip
763 466 824 506 ποι
840 430 1030 529 ἀποχωρεῖν.
1055 443 1124 506 Ηοο
1140 442 1209 505 loco
1226 441 1346 505 diserte

125 550 300 632 Xenophon
336 549 414 613 dicit
436 550 548 613 Persas
582 571 615 614 sc
649 571 712 614 non
743 571 910 632 emungere
941 570 1045 632 neque
1075 570 1227 631 exspuere
1248 548 1346 632 idque

123 658 190 720 fieri
222 677 287 719 non
315 677 416 738 posse,
450 656 513 718 nisi
543 655 591 718 illi
621 662 652 720 et
682 656 805 719 modico
837 662 969 719 utantur
999 656 1083 718 victu
1114 665 1145 718 et
1167 655 1345 719 laborando

127 763 266 845 corporis
290 761 454 826 humorem
477 762 638 826 exsudent.
679 760 781 837 Quam
803 761 991 825 sententiam
1015 782 1085 825 cum
1108 761 1271 843 superiore
1286 760 1345 824 illa

123 869 255 932 adversa
289 867 392 932 fronte
421 889 564 950 pugnare
592 869 793 950 perspicuum
825 874 880 931 est.
933 869 1082 931 Attamen
1114 866 1279 931 Eichlerus
1309 887 1348 929 re

123 997 197 1038 vera
219 973 465 1056 discrepantiam
488 974 608 1037 nullam
632 980 755 1038 exstare
779 973 865 1048 dicit,
881 972 906 1057 1)
936 977 1007 1038 cuni
1029 973 1064 1035 in
1086 973 1210 1055 epilogo
1234 973 1346 1037 addita

123 1083 268 1162 legantur
284 1079 380 1143 verba
403 1066 439 1152 οῦ
454 1076 510 1141 τοῦ
527 1075 560 1140 ὲν
581 1075 627 1163 τῷ
644 1070 771 1160 σώματι
787 1069 880 1164 ὑγροῦ
896 1070 1092 1164 φειδόμενοι,
1111 1079 1194 1144 unde
1217 1080 1340 1144 elucere
1392 1148 1394 1152 ,

123 1187 261 1268 potuisse
284 1186 396 1249 Persas
420 1186 583 1250 humorem
607 1185 698 1248 illum
721 1185 755 1247 in
778 1206 909 1268 corpore
931 1185 1075 1260 retinere,
1099 1192 1134 1249 ut
1150 1206 1221 1249 cum
1238 1207 1347 1249 excre-

123 1292 237 1356 mentis
272 1291 443 1356 excederet.
491 1291 576 1354 Mira
610 1312 685 1355 sane
719 1291 969 1373 argumentatio!
1014 1291 1114 1354 lmmo
1147 1289 1207 1354 hoc
1241 1291 1344 1373 ipsum

124 1398 208 1480 quod
231 1397 347 1478 epilogi
380 1397 516 1479 scriptor
547 1397 593 1461 ita
615 1396 677 1461 sibi
699 1419 766 1461 rem
789 1396 882 1479 fingit
903 1404 940 1460 ut
963 1397 1059 1486 etiam
1081 1396 1232 1478 neglectis
1255 1396 1347 1460 labo-

123 1504 211 1567 ribus
235 1503 415 1585 quempiam
439 1524 478 1565 ne
501 1510 636 1585 exspuat
659 1504 707 1566 vel
730 1525 763 1569 se
786 1510 937 1584 emungat
960 1503 1119 1568 abstinere
1141 1523 1234 1585 posse
1249 1502 1345 1578 dicat,

122 1618 232 1673 contra
257 1607 487 1691 Cynopaediam
515 1609 571 1691 qui
602 1609 729 1691 scripsit
758 1610 843 1674 clare
872 1609 1061 1693 pronuntiat
1090 1605 1191 1671 ταῦτα
1221 1605 1258 1671 δὲ
1288 1596 1346 1672 οῦκ

124 1703 162 1777 δν
187 1705 336 1778 ἐδύναντο
358 1717 475 1792 ποιεῖν,
499 1709 529 1777 εἰ
548 1705 593 1800 μὴ
617 1713 671 1777 καὶ
696 1711 803 1800 διαίτῃ
826 1711 940 1800 μετρία
963 1713 1098 1799 ἐχρῶντο
1119 1705 1229 1778 καὶτὸ
1252 1705 1350 1800 ῦγρδν

125 1817 335 1896 ἐκπονοῦντες
357 1807 542 1906 duplicem:
566 1819 625 1884 hoc
648 1821 752 1903 ipsum
775 1842 899 1901 gravem
925 1819 1021 1884 efficit
1043 1821 1291 1902 discrepantiam
1315 1828 1347 1884 et

124 1949 204 2008 quae
227 1927 312 1990 nullo
336 1926 568 2008 interpretandi
590 1925 725 1991 artificio
747 1927 816 1999 tolli
839 1927 949 2009 possit.
981 1927 1023 1990 At
1046 1927 1205 2008 epilogum
1228 1927 1276 1990 ait
1291 1927 1348 1990 ille

122 2033 335 2096 vehementius
369 2031 527 2114 quoddam
556 2032 589 2095 in
613 2032 725 2095 Persas
749 2033 857 2096 odium
890 2033 1019 2115 spirare.
1069 2032 1255 2108 Consenti03
1291 2031 1346 2096 sed

122 2160 178 2202 nec
202 2137 318 2202 sufficit
340 2159 377 2202 ea
400 2159 496 2202 causa
521 2138 562 2201 ad
585 2138 796 2202 excusandam
818 2138 901 2202 hanc
926 2138 1171 2220 discrepantiam
1191 2159 1249 2201 nec
1265 2137 1344 2218 quid

122 2243 364 2327 Xenophontem
386 2244 429 2307 ad
452 2244 640 2307 mutandum
662 2266 753 2308 suum
777 2245 816 2309 de
836 2244 979 2308 moribus
1001 2244 1171 2308 Persarum
1193 2243 1346 2307 iudicium

121 2351 325 2414 commoverit
347 2349 439 2413 facile
462 2349 589 2413 dixeris.
621 2351 763 2432 Denique
789 2351 889 2414 altero
912 2351 980 2414 loco
1003 2349 1033 2435 (I
1051 2358 1078 2424 2,
1101 2348 1156 2433 16)
1180 2349 1348 2414 Eichlerus

121 2455 160 2519 de
176 2455 282 2520 Persis
298 2455 425 2518 rusticis
448 2456 500 2536 agi
524 2456 601 2530 vult,
625 2456 724 2519 altero
749 2454 844 2540 (VIII
861 2463 890 2529 8,
908 2455 943 2537 8)
967 2455 1005 2518 δε
1028 2453 1175 2518 omnibus
1199 2443 1254 2536 qui
1270 2461 1349 2518 tunc

122 2562 319 2625 vocabantur
337 2560 450 2637 Persis,
479 2561 615 2624 dominis
637 2561 793 2643 imprimis
801 2585 810 2636 3
833 2559 886 2623 sed
904 2560 930 2623 si
953 2561 1021 2622 sola
1044 2567 1166 2642 spectas
1183 2559 1347 2642 scriptoris

122 2669 220 2732 verba
242 2667 387 2749 nihilque
419 2688 458 2730 ex
489 2666 623 2730 arbitrio
647 2666 808 2740 subaudis,
840 2665 873 2729 id
899 2665 1066 2728 discrimen
1090 2686 1154 2728 non
1178 2665 1346 2729 invenitur.

121 2775 219 2837 Recte
248 2779 354 2836 autem
385 2770 591 2836 Schenkelius
608 2771 634 2856 2)
665 2772 850 2854 scriptorem
881 2771 997 2853 epilogi
1021 2770 1217 2835 detrectandi
1241 2772 1350 2834 couvi--

122 2879 293 2960 claudique
327 2877 431 2941 studio
463 2877 630 2959 abreptum
661 2877 722 2941 sibi
753 2877 857 2959 ipsum
880 2876 1043 2940 adversari
1066 2876 1153 2940 vidit.
1199 2875 1350 2958 Legimus

121 2985 248 3064 cnim§
275 2993 312 3048 19
345 2983 467 3047 nobiles
497 2984 610 3047 Persas
642 3004 680 3046 ex
700 3003 787 3046 more
819 2982 952 3064 antiquo
976 2982 1039 3045 nisi
1063 2983 1242 3065 equitantes
1266 3003 1351 3045 nun·

124 3112 223 3172 quam
245 3090 278 3153 in
302 3090 464 3172 publicum
486 3089 645 3172 prodisse3
681 3095 712 3152 et
740 3092 760 3168 ξ
785 3096 823 3151 12
848 3108 954 3169 regem
977 3109 1046 3151 cum
1070 3088 1237 3153 comitibus
1262 3110 1295 3152 se
1317 3095 1348 3152 et

123 3217 222 3278 equos
246 3194 388 3260 venando
412 3216 564 3270 exercere,
594 3196 653 3259 etsi
683 3217 747 3260 non
777 3200 843 3258 tam
870 3195 1048 3275 frequenter
1078 3216 1174 3275 quam
1197 3201 1292 3258 antea
1315 3194 1349 3257 id

122 3301 190 3379 fiat,
215 3309 401 3365 tamennon
427 3307 570 3382 negatur.
588 3301 648 3366 Sed
671 3305 690 3380 ξ
717 3305 755 3365 13
779 3299 945 3382 equitandi
968 3299 1109 3364 studium
1133 3300 1218 3384 apud
1235 3321 1349 3384 pueros

123 3409 296 3472 Persarum
326 3428 456 3489 prorsus
487 3407 676 3471 obsolevisse
710 3406 826 3470 dicitur
858 3397 913 3469 dui
941 3395 979 3468 τὸ
1009 3395 1054 3492 μὴ
1083 3396 1167 3468 εἶναι
1197 3395 1281 3469 ῦποο
1311 3393 1354 3468 δν

122 3501 389 3598 ἀποφαινόμενοι
425 3501 633 3594 εὐδοκιμοῖεν,
670 3534 732 3595 quo
762 3513 841 3587 loco,
873 3512 937 3575 nisi
968 3518 1079 3575 contra
1110 3515 1129 3592 ξ
1155 3520 1193 3574 12
1227 3518 1351 3576 statuas

60 3697 63 3706 .
123 3618 326 3682 venationem
359 3619 524 3701 equitandi
554 3619 750 3683 occasionem
779 3640 842 3682 non
865 3618 1025 3700 praehere,
1048 3617 1184 3681 venandi
1208 3617 1349 3680 studium

123 3725 255 3789 omnino
282 3721 470 3788 excluditur.
516 3723 686 3788 Manifesta
717 3725 795 3788 haec
830 3730 877 3788 est
905 3723 1130 3805 discrepantia.
1182 3721 1352 3785 Eichlerus

122 3837 233 3896 tamen
256 3851 325 3893 eam
348 3851 414 3893 esse
436 3830 574 3911 negavit,
596 3833 615 3910 ξ
640 3838 679 3894 13
704 3831 743 3895 δε
766 3829 842 3894 solis
864 3829 980 3912 pueris,
1005 3832 1025 3909 ἓ
1051 3837 1089 3890 12
1114 3829 1153 3892 δε
1175 3847 1247 3909 rege
1264 3827 1349 3891 eius-

220 4115 239 4180 1)
259 4112 288 4164 1..
308 4129 329 4166 c.
349 4129 374 4178 p.
392 4114 435 4166 lo.

219 4203 239 4268 2)
259 4200 329 4253 Uber
348 4199 389 4252 die
409 4200 534 4253 Echtheit
558 4201 602 4252 des
621 4201 732 4268 Epilogs
751 4199 797 4252 der
814 4199 931 4266 Xenoph.
951 4197 1122 4267 Xyropaedie.
1159 4197 1231 4250 Neue
1255 4197 1353 4250 Jahrb.

125 4290 171 4342 shr
191 4288 288 4344 Philol.
308 4288 451 4340 LXXXIII
470 4305 495 4356 p.
516 4291 567 4342 549
586 4305 641 4356 sqq.
