3236 4894
755 263 965 356 *⁵⁴2-

252 467 374 550 ltaque,
397 489 467 531 cum
492 467 540 532 Ol.
566 473 652 543 95,4
676 468 719 553 (a.
738 465 817 552 396)
840 467 1007 549 Agesilaus
1035 467 1069 530 in
1093 466 1201 530 Asiam
1225 465 1360 542 venerit,
1388 466 1478 531 haud

251 581 368 638 temere
391 573 482 638 nobis
505 572 608 638 facero
631 573 774 638 videmur
791 573 874 656 quod
897 573 1109 656 conscriptum
1132 593 1200 638 esse
1222 572 1306 637 hunc
1329 573 1475 637 libellum

252 679 335 743 inter
358 679 405 744 Ol.
431 687 515 757 96,1
542 685 574 744 et
599 687 616 742 2
641 678 720 744 med.
744 679 933 760 (esc-395
959 679 1054 764 extr.)
1076 678 1302 744 contendimus.

826 945 914 1046 IV.

360 1173 472 1237 Restat
494 1178 529 1237 ut
551 1172 590 1238 de
613 1194 680 1256 cap.
705 1171 791 1237 XIV.
814 1173 966 1237 iudicium
988 1171 1118 1248 feratur,
1141 1173 1230 1237 cuius
1253 1180 1476 1254 argumentum

253 1279 386 1343 consilio
420 1279 505 1362 quod
538 1279 572 1342 in
606 1279 729 1361 reliquo
762 1278 871 1343 libello
906 1277 1083 1361 Xenophon
1120 1287 1244 1342 secutus
1279 1283 1326 1342 est
1358 1279 1474 1343 mirum

254 1393 407 1468 quantum
442 1385 605 1457 adversari
634 1385 741 1448 statim
770 1393 913 1468 apparet.
959 1383 1030 1448 lllic
1052 1385 1135 1448 enim
1157 1405 1354 1468 summopere
1377 1385 1476 1468 Spar-

253 1491 322 1556 tani
345 1490 526 1564 laudantur,
556 1489 608 1554 hic
639 1489 733 1554 iidem
756 1491 979 1574 vituperantur
1001 1489 1125 1555 acriter.
1173 1489 1351 1574 Utrumque
1374 1491 1477 1573 igitur

255 1619 317 1661 uuo
340 1604 481 1679 tempore
503 1595 545 1660 ab
569 1595 677 1661 eodem
700 1597 913 1680 conscriptum
937 1617 1004 1662 esse
1027 1618 1091 1660 nou
1113 1603 1225 1679 potest.
1278 1596 1370 1672 Quod
1391 1598 1477 1663 Stei-

255 1704 325 1767 nius
348 1709 455 1767 tamen
477 1702 586 1780 credit,
610 1701 664 1785 qui
681 1701 706 1786 l)
730 1723 767 1766 ea
792 1724 873 1785 quae
895 1703 1031 1768 maxime
1047 1722 1150 1766 secum
1165 1711 1311 1785 pugnant
1327 1710 1358 1766 et
1374 1704 1478 1767 inter-

252 1808 407 1893 pretando
431 1814 462 1872 et
484 1809 652 1872 resecando
676 1809 722 1872 ita
745 1810 936 1890 coniungere
958 1807 1082 1873 studuit
1112 1815 1148 1872 ut
1170 1809 1359 1874 senteutiam
1383 1830 1476 1872 suam

253 1916 376 1996 egregie
410 1913 470 1978 sibi
507 1914 635 1978 evicisse
669 1914 835 1979 videretur.
881 1915 941 1979 sed
977 1914 1190 1979 examinemus
1221 1936 1302 1997 quae
1331 1915 1387 1978 ille
1410 1916 1476 1980 sibi

253 2021 451 2104 excogitavit.
497 2017 660 2085 Neminem
690 2019 817 2102 quidem
846 2019 928 2102 fugit
959 2042 1053 2103 quam
1077 2019 1173 2084 verba
1195 2018 1272 2084 XIV
1298 2029 1314 2084 7
1340 2018 1480 2106 φανεροί

252 2122 335 2190 εἰσιν
363 2125 445 2208 (scil.
470 2119 500 2188 oi
524 2116 802 2210 Λακεδαιμόνιοι)
835 2113 905 2188 oles
935 2123 981 2211 τῷ
1003 2123 1075 2211 θεῷ
1097 2117 1292 2207 πειθόμενοι
1317 2113 1387 2190 odra
1402 2131 1478 2204 τοῖς

255 2223 447 2315 Λυκούργου
469 2220 581 2311 νόμοις
602 2229 802 2312 refragentur
831 2230 935 2296 verbis
960 2230 1037 2295 VIII
1064 2242 1077 2295 1
1105 2219 1187 2295 <llll
1210 2223 1270 2317 γὰρ
1291 2219 1341 2296 line
1363 2231 1424 2314 μὲν
1439 2229 1478 2296 ἐν

252 2336 291 2425 τῇ
312 2328 457 2422 Sindon)
490 2327 633 2417 μάλιστα
663 2331 840 2400 πείθονται
871 2339 944 2414 ταῖς
974 2324 1087 2421 ἀρχαῖς
1115 2360 1148 2401 τε
1178 2337 1234 2401 καὶ
1261 2341 1332 2416 τοῖς
1361 2329 1477 2421 νόμοις

209 2473 211 2477 ·
253 2437 346 2525 ἴσμεν
375 2431 525 2519 ἅπαντες.
571 2441 639 2507 lam
662 2443 801 2508 Steinius
831 2444 878 2507 ita
910 2443 1027 2508 nodum
1058 2443 1179 2508 solvere
1202 2444 1263 2508 sibi
1287 2444 1412 2509 videtur
1435 2455 1476 2510 ut

252 2551 354 2615 altero
377 2550 445 2614 loco
469 2549 622 2614 verbane
645 2548 700 2613 καὶ
722 2553 792 2626 τοῖς
814 2541 926 2631 νόμοις
949 2550 1077 2614 omnino
1101 2549 1236 2615 delenda
1258 2572 1326 2615 esse
1341 2559 1477 2615 conten-

252 2657 316 2722 dat.
340 2656 428 2732 Quae
450 2677 509 2738 pro
532 2656 649 2738 spuriis
675 2655 794 2720 habere
815 2675 851 2719 eo
873 2656 973 2736 magis
997 2656 1091 2720 licere
1106 2663 1199 2739 putat
1214 2656 1299 2739 quod
1315 2657 1348 2720 in
1364 2658 1475 2740 priore

252 2761 380 2846 quidem
410 2783 478 2844 cap.
504 2759 581 2826 VIII
610 2767 700 2844 parte
732 2782 796 2824 non
824 2760 863 2824 de
886 2761 1008 2842 legibus
1031 2761 1206 2826 observatis
1228 2763 1283 2828 sed
1307 2763 1345 2828 de
1368 2764 1475 2844 magi-

251 2875 409 2933 stratuum
442 2872 568 2931 tantum
597 2866 786 2931 auctoritate
817 2887 920 2930 sermo
950 2868 1007 2943 sit3
1041 2867 1141 2931 videri
1164 2868 1262 2950 igitur
1284 2867 1342 2932 illa
1364 2869 1474 2945 rerba,

245 2996 334 3057 quae
363 2973 409 3038 ibi
438 2973 533 3057 plane
556 2971 727 3048 abundent,
759 2993 797 3035 ex
825 2979 928 3038 vetere
958 2973 1095 3055 quadam
1125 2973 1218 3038 huius
1241 2975 1355 3056 capitis
1377 2996 1474 3057 prae-

251 3079 421 3162 scriptione
443 3078 504 3142 h'uc
530 3078 696 3160 irrepsisse
710 3078 770 3142 tali
786 3077 866 3142 lere:
889 3076 965 3162 περὶ
989 3071 1027 3141 τὸ
1051 3075 1239 3143 πείθεσθαι
1261 3083 1335 3156 ταῖς
1356 3067 1475 3164 ἆςνχαῖς

251 3207 285 3248 τε
316 3183 372 3248 καὶ
405 3187 476 3262 τοῖς
509 3175 628 3267 νόμοις.
676 3182 766 3260 Quod
800 3206 876 3248 num
904 3185 1052 3266 cuiquam
1082 3185 1135 3249 ille
1164 3186 1356 3268 persuaserit
1377 3186 1474 3250 valde

251 3289 440 3356 dubitamus
486 3291 567 3355 Nam
601 3291 713 3355 ceteris
735 3290 835 3355 libelli
869 3289 947 3354 locis
978 3291 1025 3354 ita
1056 3291 1191 3374 scriptor
1214 3290 1350 3376 Lycurgi
1384 3292 1474 3376 leges

249 3403 411 3479 percenset
434 3402 470 3460 ut
491 3404 548 3461 aut
569 3396 721 3479 temporis
743 3396 919 3479 praesentis
947 3395 1049 3460 forma
1070 3418 1144 3461 usus
1167 3397 1263 3462 etiam
1286 3397 1332 3470 ali
1351 3419 1475 3480 aequa·

249 3503 333 3567 libus
356 3503 422 3566 suis
445 3501 606 3567 observari
629 3503 702 3566 illas
725 3501 889 3585 perspicue
912 3501 998 3566 dicat
1013 3502 1039 3585 ²)
1062 3508 1127 3578 aut,
1157 3525 1226 3568 cum
1251 3525 1304 3568 eas
1327 3503 1474 3568 moribus

250 3615 425 3672 ceterorum
463 3608 655 3674 Graecorum
694 3607 876 3690 aequalium
910 3617 1059 3691 opponat,
1092 3609 1167 3673 item
1203 3609 1241 3674 ds
1279 3607 1474 3692 aequalibus

250 3714 416 3797 Spartanis
439 3734 614 3779 sermonem
636 3735 703 3780 esse
726 3704 804 3779 satis
827 3713 993 3778 mamfeste
1016 3714 1231 3800 significet³);
1254 3715 1387 3780 eundem
1409 3714 1474 3779 hoc

339 3946 348 3975 1

291 4067 298 4080 ,
338 3945 358 4097 2)
378 3942 663 4087 Voldtllltldllqssll.
691 4033 778 4089 1115.
810 4033 849 4086 IV
868 4035 946 4088 3-6.
966 4032 989 4083 V
1008 4035 1033 4087 3.
1053 4035 1077 4087 4.
1098 4036 1121 4089 6.
1142 4036 1165 4088 7.
1186 4036 1209 4087 9.
1238 4034 1276 4086 Vl
1296 4037 1312 4088 2
1331 4050 1385 4102 sqq.
1414 4033 1471 4088 VII

247 4113 338 4185 3'sqq.
367 4117 406 4170 IX
425 4119 442 4171 4
462 4134 516 4186 sqq.
546 4119 571 4171 X
590 4123 614 4174 3.
635 4121 658 4174 4.

337 4206 1469 4270 ³)Veluc13-s.111-7.12-114.1111-4.1vr.v5.v11.vl11.2.

246 4292 369 4348 ΧΗ.
