<?xml version="1.0" encoding="UTF-8"?>
<!DOCTYPE html PUBLIC "-//W3C//DTD XHTML 1.0 Transitional//EN"
    "http://www.w3.org/TR/xhtml1/DTD/xhtml1-transitional.dtd">
<html xmlns="http://www.w3.org/1999/xhtml" xml:lang="en" lang="en">
 <head>
  <title>
</title>
<meta http-equiv="Content-Type" content="text/html;charset=utf-8" />
  <meta name='ocr-system' content='tesseract 3.04.00' />
  <meta name='ocr-capabilities' content='ocr_page ocr_carea ocr_par ocr_line ocrx_word'/>
</head>
<body>
  <div class='ocr_page' id='page_1' title='image "./quaestionesinxe00wulfgoog_0041.png"; bbox 0 0 3236 4894; ppageno 0'>
   <div class='ocr_carea' id='block_1_1' title="bbox 282 217 1520 4321">
    <p class='ocr_par' dir='ltr' id='par_1_1' title="bbox 884 217 924 272">
     <span class='ocr_line' id='line_1_1' title="bbox 884 217 924 272; baseline -0.05 0"><span class='ocrx_word' id='word_1_1' title='bbox 884 217 924 272; x_wconf 80' lang='lat'>32</span> 
     </span>
    </p>

    <p class='ocr_par' dir='ltr' id='par_1_2' title="bbox 288 410 1520 1439">
     <span class='ocr_line' id='line_1_2' title="bbox 291 410 1520 512; baseline 0.001 -31"><span class='ocrx_word' id='word_1_2' title='bbox 291 414 464 501; x_wconf 89' lang='grc' dir='ltr'><em>πολεμίοις</em></span> <span class='ocrx_word' id='word_1_3' title='bbox 486 411 578 499; x_wconf 80' lang='grc' dir='ltr'><em>εἶναι,</em></span> <span class='ocrx_word' id='word_1_4' title='bbox 610 412 665 485; x_wconf 80' lang='grc' dir='ltr'>ἐάν</span> <span class='ocrx_word' id='word_1_5' title='bbox 686 445 737 498; x_wconf 93' lang='grc' dir='ltr'>τις</span> <span class='ocrx_word' id='word_1_6' title='bbox 760 410 863 486; x_wconf 74' lang='grc' dir='ltr'><em>αι’·τῶν</em></span> <span class='ocrx_word' id='word_1_7' title='bbox 885 420 1000 509; x_wconf 69' lang='grc' dir='ltr'><em>πληγῇ,</em></span> <span class='ocrx_word' id='word_1_8' title='bbox 1034 410 1115 486; x_wconf 64' lang='lat' dir='ltr'>data</span> <span class='ocrx_word' id='word_1_9' title='bbox 1139 412 1367 512; x_wconf 65' lang='lat' dir='ltr'>dtatavogtvav</span> <span class='ocrx_word' id='word_1_10' title='bbox 1395 412 1449 485; x_wconf 79' lang='grc' dir='ltr'>διὰ</span> <span class='ocrx_word' id='word_1_11' title='bbox 1475 413 1520 483; x_wconf 83' lang='grc' dir='ltr'>τὸ</span> 
     </span>
     <span class='ocr_line' id='line_1_3' title="bbox 292 514 1519 614; baseline 0.002 -26"><span class='ocrx_word' id='word_1_12' title='bbox 292 517 451 611; x_wconf 65' lang='grc' dir='ltr'><em>ὁμόχροια</em></span> <span class='ocrx_word' id='word_1_13' title='bbox 469 518 624 613; x_wconf 67' lang='grc' dir='ltr'><em>χρήσιμον</em></span> <span class='ocrx_word' id='word_1_14' title='bbox 646 534 677 592; x_wconf 84' lang='lat' dir='ltr'>et</span> <span class='ocrx_word' id='word_1_15' title='bbox 698 527 795 593; x_wconf 89' lang='lat' dir='ltr'>schol.</span> <span class='ocrx_word' id='word_1_16' title='bbox 818 530 860 593; x_wconf 92' lang='lat' dir='ltr'>ad</span> <span class='ocrx_word' id='word_1_17' title='bbox 875 528 1036 611; x_wconf 87' lang='lat' dir='ltr'>Aristoph.</span> <span class='ocrx_word' id='word_1_18' title='bbox 1051 529 1188 592; x_wconf 76' lang='lat' dir='ltr'>Acharn.</span> <span class='ocrx_word' id='word_1_19' title='bbox 1206 535 1269 591; x_wconf 77' lang='lat'>320</span> <span class='ocrx_word' id='word_1_20' title='bbox 1285 514 1519 614; x_wconf 70' lang='grc' dir='ltr'><em>Ἀριστοτέλης</em></span> 
     </span>
     <span class='ocr_line' id='line_1_4' title="bbox 290 629 1518 721; baseline 0.002 -27"><span class='ocrx_word' id='word_1_21' title='bbox 290 629 327 695; x_wconf 79' lang='grc' dir='ltr'>δέ</span> <span class='ocrx_word' id='word_1_22' title='bbox 351 629 449 720; x_wconf 81' lang='grc' dir='ltr'><em>φησιν</em></span> <span class='ocrx_word' id='word_1_23' title='bbox 473 630 506 694; x_wconf 75' lang='grc' dir='ltr'>ἐν</span> <span class='ocrx_word' id='word_1_24' title='bbox 525 631 564 718; x_wconf 73' lang='grc' dir='ltr'>τῇ</span> <span class='ocrx_word' id='word_1_25' title='bbox 588 630 863 716; x_wconf 79' lang='grc' dir='ltr'><em>Λακεδαιμονίων</em></span> <span class='ocrx_word' id='word_1_26' title='bbox 885 630 1038 720; x_wconf 73' lang='grc' dir='ltr'><em>πολιτείᾳ</em></span> <span class='ocrx_word' id='word_1_27' title='bbox 1058 632 1202 721; x_wconf 67' lang='grc' dir='ltr'><em>χρῆσθαι</em></span> <span class='ocrx_word' id='word_1_28' title='bbox 1225 629 1518 716; x_wconf 61' lang='grc' dir='ltr'><em>Λακεδαιμονίοις</em></span> 
     </span>
     <span class='ocr_line' id='line_1_5' title="bbox 290 727 1516 826; baseline 0 -24"><span class='ocrx_word' id='word_1_29' title='bbox 290 735 451 826; x_wconf 77' lang='grc' dir='ltr'><em>φοινικίδι</em></span> <span class='ocrx_word' id='word_1_30' title='bbox 474 731 558 824; x_wconf 85' lang='grc' dir='ltr'><em>πρὸς</em></span> <span class='ocrx_word' id='word_1_31' title='bbox 580 731 653 816; x_wconf 73' lang='grc' dir='ltr'><em>τοῖς</em></span> <span class='ocrx_word' id='word_1_32' title='bbox 675 737 848 822; x_wconf 73' lang='grc' dir='ltr'><em>πολέμοις,</em></span> <span class='ocrx_word' id='word_1_33' title='bbox 871 737 967 804; x_wconf 64' lang='grc' dir='ltr'><em>τοῦτο</em></span> <span class='ocrx_word' id='word_1_34' title='bbox 988 738 1048 822; x_wconf 78' lang='grc' dir='ltr'>μὲν</span> <span class='ocrx_word' id='word_1_35' title='bbox 1071 729 1181 804; x_wconf 79' lang='grc' dir='ltr'><em>ὅτιτὸ</em></span> <span class='ocrx_word' id='word_1_36' title='bbox 1204 737 1261 826; x_wconf 73' lang='grc' dir='ltr'>της</span> <span class='ocrx_word' id='word_1_37' title='bbox 1282 732 1378 822; x_wconf 82' lang='grc' dir='ltr'><em>χρόας</em></span> <span class='ocrx_word' id='word_1_38' title='bbox 1400 727 1516 824; x_wconf 72' lang='grc' dir='ltr'><em>ἀνδρι-</em></span> 
     </span>
     <span class='ocr_line' id='line_1_6' title="bbox 289 835 1519 933; baseline 0.002 -26"><span class='ocrx_word' id='word_1_39' title='bbox 289 836 354 922; x_wconf 84' lang='grc' dir='ltr'><em>κόν,</em></span> <span class='ocrx_word' id='word_1_40' title='bbox 380 842 475 908; x_wconf 71' lang='lat' dir='ltr'>coito</span> <span class='ocrx_word' id='word_1_41' title='bbox 506 843 543 908; x_wconf 78' lang='grc' dir='ltr'>δὲ</span> <span class='ocrx_word' id='word_1_42' title='bbox 574 835 624 908; x_wconf 78' lang='grc' dir='ltr'>ὅτι</span> <span class='ocrx_word' id='word_1_43' title='bbox 655 837 771 910; x_wconf 75' lang='grc' dir='ltr'><em>τὸτοῦ</em></span> <span class='ocrx_word' id='word_1_44' title='bbox 794 838 962 929; x_wconf 85' lang='grc' dir='ltr'><em>χρώματος</em></span> <span class='ocrx_word' id='word_1_45' title='bbox 992 841 1174 928; x_wconf 65' lang='grc' dir='ltr'><em>αἱματῶδες</em></span> <span class='ocrx_word' id='word_1_46' title='bbox 1201 844 1258 933; x_wconf 71' lang='grc' dir='ltr'>τῆς</span> <span class='ocrx_word' id='word_1_47' title='bbox 1288 844 1345 909; x_wconf 76' lang='grc' dir='ltr'>τοῦ</span> <span class='ocrx_word' id='word_1_48' title='bbox 1373 845 1519 927; x_wconf 84' lang='grc' dir='ltr'><em>αἵματος</em></span> 
     </span>
     <span class='ocr_line' id='line_1_7' title="bbox 290 941 1516 1039; baseline 0.002 -25"><span class='ocrx_word' id='word_1_49' title='bbox 290 941 410 1035; x_wconf 80' lang='grc' dir='ltr'><em>ρι’·οεως</em></span> <span class='ocrx_word' id='word_1_50' title='bbox 433 947 539 1029; x_wconf 64' lang='grc' dir='ltr'><em>ἐθίζει</em></span> <span class='ocrx_word' id='word_1_51' title='bbox 562 955 783 1039; x_wconf 71' lang='grc' dir='ltr'><em>καταφρονεῖν.</em></span> <span class='ocrx_word' id='word_1_52' title='bbox 822 954 955 1017; x_wconf 78' lang='lat' dir='ltr'><strong>Frustra</strong></span> <span class='ocrx_word' id='word_1_53' title='bbox 971 953 1070 1036; x_wconf 86' lang='lat' dir='ltr'>igitur</span> <span class='ocrx_word' id='word_1_54' title='bbox 1086 953 1285 1016; x_wconf 89' lang='lat' dir='ltr'>enuntiatum</span> <span class='ocrx_word' id='word_1_55' title='bbox 1301 949 1357 1014; x_wconf 83' lang='grc' dir='ltr'>καὶ</span> <span class='ocrx_word' id='word_1_56' title='bbox 1374 944 1433 1036; x_wconf 87' lang='grc' dir='ltr'><em>γδιρ</em></span> <span class='ocrx_word' id='word_1_57' title='bbox 1452 1003 1459 1014; x_wconf 94' lang='grc'><em>.</em></span> <span class='ocrx_word' id='word_1_58' title='bbox 1481 1003 1487 1016; x_wconf 94' lang='grc'><strong>.</strong></span> <span class='ocrx_word' id='word_1_59' title='bbox 1509 1003 1516 1016; x_wconf 87' lang='grc'><em>,</em></span> 
     </span>
     <span class='ocr_line' id='line_1_8' title="bbox 289 1052 1517 1146; baseline 0.002 -27"><span class='ocrx_word' id='word_1_60' title='bbox 289 1052 479 1141; x_wconf 81' lang='grc' dir='ltr'><em>ριπαίνεται</em></span> <span class='ocrx_word' id='word_1_61' title='bbox 511 1079 579 1146; x_wconf 86' lang='lat' dir='ltr'>cum</span> <span class='ocrx_word' id='word_1_62' title='bbox 610 1058 650 1122; x_wconf 90' lang='lat' dir='ltr'>iis</span> <span class='ocrx_word' id='word_1_63' title='bbox 679 1080 761 1141; x_wconf 88' lang='lat' dir='ltr'>quae</span> <span class='ocrx_word' id='word_1_64' title='bbox 791 1059 983 1124; x_wconf 88' lang='lat' dir='ltr'>antecedunt</span> <span class='ocrx_word' id='word_1_65' title='bbox 1005 1059 1216 1140; x_wconf 80' lang='lat' dir='ltr'>coniungitur,</span> <span class='ocrx_word' id='word_1_66' title='bbox 1249 1061 1398 1142; x_wconf 89' lang='lat' dir='ltr'>quoniam</span> <span class='ocrx_word' id='word_1_67' title='bbox 1428 1081 1517 1141; x_wconf 88' lang='lat' dir='ltr'>quae</span> 
     </span>
     <span class='ocr_line' id='line_1_9' title="bbox 288 1156 1514 1251; baseline 0.002 -25"><span class='ocrx_word' id='word_1_68' title='bbox 288 1183 324 1226; x_wconf 91' lang='lat' dir='ltr'>eo</span> <span class='ocrx_word' id='word_1_69' title='bbox 339 1162 498 1246; x_wconf 88' lang='lat' dir='ltr'>profertur</span> <span class='ocrx_word' id='word_1_70' title='bbox 514 1183 609 1228; x_wconf 85' lang='lat' dir='ltr'>eausa</span> <span class='ocrx_word' id='word_1_71' title='bbox 625 1164 667 1228; x_wconf 90' lang='lat' dir='ltr'>ad</span> <span class='ocrx_word' id='word_1_72' title='bbox 683 1156 953 1251; x_wconf 75' lang='grc' dir='ltr'><em>πολεμικωτάτην</em></span> <span class='ocrx_word' id='word_1_73' title='bbox 967 1186 1073 1229; x_wconf 89' lang='lat' dir='ltr'>vocem</span> <span class='ocrx_word' id='word_1_74' title='bbox 1089 1165 1170 1228; x_wconf 89' lang='lat' dir='ltr'>nihil</span> <span class='ocrx_word' id='word_1_75' title='bbox 1187 1165 1309 1230; x_wconf 75' lang='lat' dir='ltr'>attinet.</span> <span class='ocrx_word' id='word_1_76' title='bbox 1347 1168 1397 1227; x_wconf 85' lang='lat' dir='ltr'>An</span> <span class='ocrx_word' id='word_1_77' title='bbox 1413 1166 1514 1230; x_wconf 83' lang='lat' dir='ltr'>verba</span> 
     </span>
     <span class='ocr_line' id='line_1_10' title="bbox 288 1257 1514 1356; baseline 0.003 -26"><span class='ocrx_word' id='word_1_78' title='bbox 288 1257 405 1354; x_wconf 76' lang='grc' dir='ltr'><em>η’κιοτα</em></span> <span class='ocrx_word' id='word_1_79' title='bbox 432 1266 491 1350; x_wconf 74' lang='grc' dir='ltr'>μὲν</span> <span class='ocrx_word' id='word_1_80' title='bbox 514 1265 677 1356; x_wconf 78' lang='grc' dir='ltr'><em>γιναικειή</em></span> <span class='ocrx_word' id='word_1_81' title='bbox 700 1274 862 1334; x_wconf 86' lang='grc' dir='ltr'><em>κοινωνεῖν</em></span> <span class='ocrx_word' id='word_1_82' title='bbox 891 1271 949 1334; x_wconf 88' lang='lat' dir='ltr'>illa</span> <span class='ocrx_word' id='word_1_83' title='bbox 976 1271 1133 1336; x_wconf 86' lang='lat' dir='ltr'>sententia</span> <span class='ocrx_word' id='word_1_84' title='bbox 1160 1271 1311 1353; x_wconf 81' lang='lat' dir='ltr'>explicari</span> <span class='ocrx_word' id='word_1_85' title='bbox 1341 1274 1514 1353; x_wconf 78' lang='lat' dir='ltr'>putemus?</span> 
     </span>
     <span class='ocr_line' id='line_1_11' title="bbox 288 1374 681 1439; baseline 0 0"><span class='ocrx_word' id='word_1_86' title='bbox 288 1374 348 1439; x_wconf 88' lang='lat' dir='ltr'>Sed</span> <span class='ocrx_word' id='word_1_87' title='bbox 371 1375 404 1438; x_wconf 89' lang='lat' dir='ltr'>id</span> <span class='ocrx_word' id='word_1_88' title='bbox 428 1375 602 1439; x_wconf 89' lang='lat' dir='ltr'>absurdum</span> <span class='ocrx_word' id='word_1_89' title='bbox 626 1383 681 1439; x_wconf 88' lang='lat' dir='ltr'>est.</span> 
     </span>
    </p>

    <p class='ocr_par' dir='ltr' id='par_1_3' title="bbox 282 1473 1512 4321">
     <span class='ocr_line' id='line_1_12' title="bbox 376 1473 1512 1568; baseline 0 -24"><span class='ocrx_word' id='word_1_90' title='bbox 376 1481 489 1563; x_wconf 90' lang='lat' dir='ltr'>Itaque</span> <span class='ocrx_word' id='word_1_91' title='bbox 517 1481 613 1545; x_wconf 87' lang='lat' dir='ltr'>rerba</span> <span class='ocrx_word' id='word_1_92' title='bbox 645 1479 702 1544; x_wconf 82' lang='grc' dir='ltr'>καὶ</span> <span class='ocrx_word' id='word_1_93' title='bbox 732 1473 791 1568; x_wconf 79' lang='grc' dir='ltr'>γὰρ</span> <span class='ocrx_word' id='word_1_94' title='bbox 815 1533 821 1545; x_wconf 94' lang='grc'>.</span> <span class='ocrx_word' id='word_1_95' title='bbox 846 1532 853 1545; x_wconf 93' lang='grc'><strong>.</strong></span> <span class='ocrx_word' id='word_1_96' title='bbox 880 1532 887 1545; x_wconf 93' lang='grc'><strong>.</strong></span> <span class='ocrx_word' id='word_1_97' title='bbox 916 1479 1119 1568; x_wconf 84' lang='grc' dir='ltr'><em>ῥιπαίνεται,</em></span> <span class='ocrx_word' id='word_1_98' title='bbox 1150 1483 1198 1546; x_wconf 87' lang='lat' dir='ltr'>uti</span> <span class='ocrx_word' id='word_1_99' title='bbox 1226 1482 1344 1546; x_wconf 91' lang='lat' dir='ltr'>locutio</span> <span class='ocrx_word' id='word_1_100' title='bbox 1373 1473 1512 1562; x_wconf 81' lang='grc' dir='ltr'><em>τάχιοτα</em></span> 
     </span>
     <span class='ocr_line' id='line_1_13' title="bbox 287 1577 1505 1671; baseline 0.003 -23"><span class='ocrx_word' id='word_1_101' title='bbox 287 1577 507 1670; x_wconf 69' lang='grc' dir='ltr'><em>λαμπρύνεται</em></span> <span class='ocrx_word' id='word_1_102' title='bbox 530 1587 614 1651; x_wconf 88' lang='lat' dir='ltr'>clare</span> <span class='ocrx_word' id='word_1_103' title='bbox 638 1587 784 1664; x_wconf 75' lang='lat' dir='ltr'>ostendit,</span> <span class='ocrx_word' id='word_1_104' title='bbox 808 1588 847 1652; x_wconf 90' lang='lat' dir='ltr'>de</span> <span class='ocrx_word' id='word_1_105' title='bbox 863 1595 947 1652; x_wconf 86' lang='lat' dir='ltr'>ueste</span> <span class='ocrx_word' id='word_1_106' title='bbox 968 1609 1129 1671; x_wconf 88' lang='lat' dir='ltr'>purpurea</span> <span class='ocrx_word' id='word_1_107' title='bbox 1145 1589 1193 1652; x_wconf 91' lang='lat' dir='ltr'>vel</span> <span class='ocrx_word' id='word_1_108' title='bbox 1216 1589 1344 1652; x_wconf 89' lang='lat' dir='ltr'>omnino</span> <span class='ocrx_word' id='word_1_109' title='bbox 1369 1589 1409 1652; x_wconf 90' lang='lat' dir='ltr'>de</span> <span class='ocrx_word' id='word_1_110' title='bbox 1424 1598 1505 1652; x_wconf 82' lang='lat' dir='ltr'>veste</span> 
     </span>
     <span class='ocr_line' id='line_1_14' title="bbox 287 1685 1507 1779; baseline 0.002 -24"><span class='ocrx_word' id='word_1_111' title='bbox 287 1692 428 1774; x_wconf 84' lang='lat' dir='ltr'>intellegi</span> <span class='ocrx_word' id='word_1_112' title='bbox 451 1715 514 1758; x_wconf 91' lang='lat' dir='ltr'>uon</span> <span class='ocrx_word' id='word_1_113' title='bbox 538 1700 680 1775; x_wconf 85' lang='lat' dir='ltr'>possunt.</span> <span class='ocrx_word' id='word_1_114' title='bbox 720 1695 814 1758; x_wconf 85' lang='lat' dir='ltr'>Putat</span> <span class='ocrx_word' id='word_1_115' title='bbox 839 1694 966 1776; x_wconf 91' lang='lat' dir='ltr'>quidem</span> <span class='ocrx_word' id='word_1_116' title='bbox 988 1694 1127 1758; x_wconf 87' lang='lat' dir='ltr'>Haasius</span> <span class='ocrx_word' id='word_1_117' title='bbox 1150 1693 1278 1759; x_wconf 81' lang='lat' dir='ltr'>verbum</span> <span class='ocrx_word' id='word_1_118' title='bbox 1302 1685 1507 1779; x_wconf 72' lang='grc' dir='ltr'><em>λαμπρύνειν,</em></span> 
     </span>
     <span class='ocr_line' id='line_1_15' title="bbox 288 1787 1509 1884; baseline 0.002 -23"><span class='ocrx_word' id='word_1_119' title='bbox 288 1798 374 1880; x_wconf 88' lang='lat' dir='ltr'>quod</span> <span class='ocrx_word' id='word_1_120' title='bbox 403 1787 525 1881; x_wconf 75' lang='lat' dir='ltr'>‘polire</span> <span class='ocrx_word' id='word_1_121' title='bbox 558 1799 693 1864; x_wconf 90' lang='lat' dir='ltr'>nitidum</span> <span class='ocrx_word' id='word_1_122' title='bbox 725 1787 837 1864; x_wconf 81' lang='lat' dir='ltr'>faeere&#39;</span> <span class='ocrx_word' id='word_1_123' title='bbox 867 1808 968 1873; x_wconf 88' lang='lat' dir='ltr'>sonat,</span> <span class='ocrx_word' id='word_1_124' title='bbox 999 1821 1091 1884; x_wconf 91' lang='lat' dir='ltr'>posse</span> <span class='ocrx_word' id='word_1_125' title='bbox 1119 1801 1216 1864; x_wconf 89' lang='lat' dir='ltr'>etiam</span> <span class='ocrx_word' id='word_1_126' title='bbox 1246 1799 1284 1864; x_wconf 87' lang='lat' dir='ltr'>de</span> <span class='ocrx_word' id='word_1_127' title='bbox 1314 1800 1509 1863; x_wconf 89' lang='lat' dir='ltr'>restituendo</span> 
     </span>
     <span class='ocr_line' id='line_1_16' title="bbox 287 1904 1510 1988; baseline 0.001 -21"><span class='ocrx_word' id='word_1_128' title='bbox 287 1926 449 1988; x_wconf 89' lang='lat' dir='ltr'>purpurae</span> <span class='ocrx_word' id='word_1_129' title='bbox 478 1905 581 1970; x_wconf 86' lang='lat' dir='ltr'>colore</span> <span class='ocrx_word' id='word_1_130' title='bbox 610 1907 776 1988; x_wconf 89' lang='lat' dir='ltr'>usurpari,</span> <span class='ocrx_word' id='word_1_131' title='bbox 805 1907 893 1970; x_wconf 85' lang='lat' dir='ltr'>cuius</span> <span class='ocrx_word' id='word_1_132' title='bbox 925 1927 962 1971; x_wconf 88' lang='lat' dir='ltr'>ea</span> <span class='ocrx_word' id='word_1_133' title='bbox 993 1907 1035 1969; x_wconf 89' lang='lat' dir='ltr'>sit</span> <span class='ocrx_word' id='word_1_134' title='bbox 1066 1911 1182 1970; x_wconf 89' lang='lat' dir='ltr'>natura</span> <span class='ocrx_word' id='word_1_135' title='bbox 1213 1913 1250 1970; x_wconf 88' lang='lat' dir='ltr'>ut</span> <span class='ocrx_word' id='word_1_136' title='bbox 1279 1906 1386 1970; x_wconf 88' lang='lat' dir='ltr'>sordes</span> <span class='ocrx_word' id='word_1_137' title='bbox 1416 1904 1510 1969; x_wconf 84' lang='lat' dir='ltr'>facile</span> 
     </span>
     <span class='ocr_line' id='line_1_17' title="bbox 288 2009 1508 2093; baseline 0 -19"><span class='ocrx_word' id='word_1_138' title='bbox 288 2009 463 2092; x_wconf 86' lang='lat' dir='ltr'>abstergeri</span> <span class='ocrx_word' id='word_1_139' title='bbox 485 2014 616 2093; x_wconf 89' lang='lat' dir='ltr'>possint.</span> <span class='ocrx_word' id='word_1_140' title='bbox 663 2012 733 2088; x_wconf 85' lang='lat' dir='ltr'>Sed,</span> <span class='ocrx_word' id='word_1_141' title='bbox 765 2019 801 2076; x_wconf 91' lang='lat' dir='ltr'>ut</span> <span class='ocrx_word' id='word_1_142' title='bbox 823 2020 946 2076; x_wconf 89' lang='lat' dir='ltr'>taceam</span> <span class='ocrx_word' id='word_1_143' title='bbox 969 2013 1058 2075; x_wconf 91' lang='lat' dir='ltr'>nulla</span> <span class='ocrx_word' id='word_1_144' title='bbox 1086 2012 1182 2075; x_wconf 86' lang='lat' dir='ltr'>huius</span> <span class='ocrx_word' id='word_1_145' title='bbox 1211 2012 1348 2076; x_wconf 90' lang='lat' dir='ltr'>notionis</span> <span class='ocrx_word' id='word_1_146' title='bbox 1372 2012 1508 2075; x_wconf 90' lang='lat' dir='ltr'>inveniri</span> 
     </span>
     <span class='ocr_line' id='line_1_18' title="bbox 288 2115 1508 2200; baseline 0.002 -21"><span class='ocrx_word' id='word_1_147' title='bbox 288 2116 440 2198; x_wconf 86' lang='lat' dir='ltr'>exempla,</span> <span class='ocrx_word' id='word_1_148' title='bbox 469 2117 496 2180; x_wconf 88' lang='lat' dir='ltr'>si</span> <span class='ocrx_word' id='word_1_149' title='bbox 524 2117 607 2181; x_wconf 88' lang='lat' dir='ltr'>hanc</span> <span class='ocrx_word' id='word_1_150' title='bbox 636 2118 771 2200; x_wconf 82' lang='lat' dir='ltr'>scriptor</span> <span class='ocrx_word' id='word_1_151' title='bbox 800 2118 848 2181; x_wconf 89' lang='lat' dir='ltr'>illi</span> <span class='ocrx_word' id='word_1_152' title='bbox 877 2119 972 2182; x_wconf 91' lang='lat' dir='ltr'>verbo</span> <span class='ocrx_word' id='word_1_153' title='bbox 1000 2119 1138 2182; x_wconf 89' lang='lat' dir='ltr'>tribuere</span> <span class='ocrx_word' id='word_1_154' title='bbox 1169 2115 1433 2198; x_wconf 85' lang='lat' dir='ltr'>significationem</span> <span class='ocrx_word' id='word_1_155' title='bbox 1458 2141 1508 2182; x_wconf 81' lang='lat' dir='ltr'>ro-</span> 
     </span>
     <span class='ocr_line' id='line_1_19' title="bbox 287 2221 1506 2305; baseline 0.002 -22"><span class='ocrx_word' id='word_1_156' title='bbox 287 2221 408 2297; x_wconf 86' lang='lat' dir='ltr'>luisset,</span> <span class='ocrx_word' id='word_1_157' title='bbox 437 2227 493 2285; x_wconf 90' lang='lat' dir='ltr'>aut</span> <span class='ocrx_word' id='word_1_158' title='bbox 515 2221 690 2286; x_wconf 83' lang='lat' dir='ltr'>addidisset</span> <span class='ocrx_word' id='word_1_159' title='bbox 715 2223 838 2305; x_wconf 90' lang='lat' dir='ltr'>aliquid</span> <span class='ocrx_word' id='word_1_160' title='bbox 870 2229 928 2287; x_wconf 92' lang='lat' dir='ltr'>aut</span> <span class='ocrx_word' id='word_1_161' title='bbox 950 2229 1104 2287; x_wconf 83' lang='lat' dir='ltr'>mutasset</span> <span class='ocrx_word' id='word_1_162' title='bbox 1126 2230 1209 2288; x_wconf 88' lang='lat' dir='ltr'>certe</span> <span class='ocrx_word' id='word_1_163' title='bbox 1232 2224 1400 2288; x_wconf 90' lang='lat' dir='ltr'>verborum</span> <span class='ocrx_word' id='word_1_164' title='bbox 1423 2225 1506 2288; x_wconf 87' lang='lat' dir='ltr'>ordi-</span> 
     </span>
     <span class='ocr_line' id='line_1_20' title="bbox 287 2321 1506 2415; baseline 0 -26"><span class='ocrx_word' id='word_1_165' title='bbox 287 2347 367 2402; x_wconf 88' lang='lat' dir='ltr'>nem,</span> <span class='ocrx_word' id='word_1_166' title='bbox 390 2334 426 2391; x_wconf 89' lang='lat' dir='ltr'>ut</span> <span class='ocrx_word' id='word_1_167' title='bbox 448 2328 652 2392; x_wconf 83' lang='lat' dir='ltr'>haberemus:</span> <span class='ocrx_word' id='word_1_168' title='bbox 680 2326 736 2392; x_wconf 87' lang='grc' dir='ltr'>καί</span> <span class='ocrx_word' id='word_1_169' title='bbox 760 2321 819 2415; x_wconf 90' lang='grc' dir='ltr'><em>γδιρ</em></span> <span class='ocrx_word' id='word_1_170' title='bbox 846 2325 1042 2412; x_wconf 84' lang='grc' dir='ltr'><em>σχολαίτατα</em></span> <span class='ocrx_word' id='word_1_171' title='bbox 1069 2325 1258 2415; x_wconf 83' lang='grc' dir='ltr'><em>ῥοπαίνεται</em></span> <span class='ocrx_word' id='word_1_172' title='bbox 1285 2326 1341 2392; x_wconf 84' lang='grc' dir='ltr'>καὶ</span> <span class='ocrx_word' id='word_1_173' title='bbox 1372 2321 1506 2412; x_wconf 81' lang='grc' dir='ltr'><em>τάχιοτα</em></span> 
     </span>
     <span class='ocr_line' id='line_1_21' title="bbox 287 2424 1501 2518; baseline 0.002 -24"><span class='ocrx_word' id='word_1_174' title='bbox 287 2424 516 2518; x_wconf 85' lang='grc' dir='ltr'><em>λαμπρίνεται.</em></span> <span class='ocrx_word' id='word_1_175' title='bbox 563 2435 645 2499; x_wconf 90' lang='lat' dir='ltr'>Nam</span> <span class='ocrx_word' id='word_1_176' title='bbox 672 2436 746 2499; x_wconf 90' lang='lat' dir='ltr'>inde</span> <span class='ocrx_word' id='word_1_177' title='bbox 769 2435 810 2500; x_wconf 90' lang='lat' dir='ltr'>ab</span> <span class='ocrx_word' id='word_1_178' title='bbox 837 2437 930 2500; x_wconf 90' lang='lat' dir='ltr'>initio</span> <span class='ocrx_word' id='word_1_179' title='bbox 953 2435 1049 2500; x_wconf 87' lang='lat' dir='ltr'>vestis</span> <span class='ocrx_word' id='word_1_180' title='bbox 1078 2457 1239 2518; x_wconf 90' lang='lat' dir='ltr'>purpurea</span> <span class='ocrx_word' id='word_1_181' title='bbox 1270 2456 1340 2498; x_wconf 87' lang='lat' dir='ltr'>eum</span> <span class='ocrx_word' id='word_1_182' title='bbox 1370 2436 1501 2499; x_wconf 90' lang='lat' dir='ltr'>colorem</span> 
     </span>
     <span class='ocr_line' id='line_1_22' title="bbox 286 2539 1499 2625; baseline -0.001 -23"><span class='ocrx_word' id='word_1_183' title='bbox 286 2539 350 2602; x_wconf 87' lang='lat' dir='ltr'>iam</span> <span class='ocrx_word' id='word_1_184' title='bbox 371 2539 469 2611; x_wconf 88' lang='lat' dir='ltr'>habet</span> <span class='ocrx_word' id='word_1_185' title='bbox 491 2548 523 2605; x_wconf 91' lang='lat' dir='ltr'>et</span> <span class='ocrx_word' id='word_1_186' title='bbox 545 2541 631 2604; x_wconf 91' lang='lat' dir='ltr'>omni</span> <span class='ocrx_word' id='word_1_187' title='bbox 653 2541 814 2606; x_wconf 88' lang='lat' dir='ltr'>reficiendi</span> <span class='ocrx_word' id='word_1_188' title='bbox 837 2564 933 2625; x_wconf 88' lang='lat' dir='ltr'>opera</span> <span class='ocrx_word' id='word_1_189' title='bbox 956 2564 1062 2606; x_wconf 88' lang='lat' dir='ltr'>carere</span> <span class='ocrx_word' id='word_1_190' title='bbox 1088 2548 1200 2624; x_wconf 87' lang='lat' dir='ltr'>potest.</span> <span class='ocrx_word' id='word_1_191' title='bbox 1248 2543 1366 2606; x_wconf 88' lang='lat' dir='ltr'>Verum</span> <span class='ocrx_word' id='word_1_192' title='bbox 1389 2541 1499 2605; x_wconf 86' lang='lat' dir='ltr'>locutio</span> 
     </span>
     <span class='ocr_line' id='line_1_23' title="bbox 286 2635 1492 2732; baseline -0.002 -26"><span class='ocrx_word' id='word_1_193' title='bbox 286 2635 422 2725; x_wconf 80' lang='grc' dir='ltr'><em>τάχιοτα</em></span> <span class='ocrx_word' id='word_1_194' title='bbox 449 2638 701 2732; x_wconf 69' lang='grc' dir='ltr'><em>λαμπρύνεοδαι</em></span> <span class='ocrx_word' id='word_1_195' title='bbox 731 2649 764 2710; x_wconf 90' lang='lat' dir='ltr'>in</span> <span class='ocrx_word' id='word_1_196' title='bbox 796 2669 864 2711; x_wconf 90' lang='lat' dir='ltr'>eam</span> <span class='ocrx_word' id='word_1_197' title='bbox 895 2654 1019 2711; x_wconf 90' lang='lat' dir='ltr'>tantum</span> <span class='ocrx_word' id='word_1_198' title='bbox 1049 2648 1133 2712; x_wconf 89' lang='lat' dir='ltr'>valet</span> <span class='ocrx_word' id='word_1_199' title='bbox 1163 2668 1230 2710; x_wconf 89' lang='lat' dir='ltr'>rem</span> <span class='ocrx_word' id='word_1_200' title='bbox 1257 2669 1339 2730; x_wconf 90' lang='lat' dir='ltr'>quae</span> <span class='ocrx_word' id='word_1_201' title='bbox 1369 2654 1404 2711; x_wconf 91' lang='lat' dir='ltr'>ut</span> <span class='ocrx_word' id='word_1_202' title='bbox 1431 2647 1492 2726; x_wconf 88' lang='lat' dir='ltr'>ipsa</span> 
     </span>
     <span class='ocr_line' id='line_1_24' title="bbox 286 2752 1495 2835; baseline -0.002 -22"><span class='ocrx_word' id='word_1_203' title='bbox 286 2752 390 2816; x_wconf 88' lang='lat' dir='ltr'>nitore</span> <span class='ocrx_word' id='word_1_204' title='bbox 421 2753 469 2816; x_wconf 87' lang='lat' dir='ltr'>vel</span> <span class='ocrx_word' id='word_1_205' title='bbox 504 2752 626 2834; x_wconf 79' lang='lat' dir='ltr'>fulgore</span> <span class='ocrx_word' id='word_1_206' title='bbox 658 2753 814 2818; x_wconf 86' lang='lat' dir='ltr'>instructa</span> <span class='ocrx_word' id='word_1_207' title='bbox 846 2775 909 2817; x_wconf 89' lang='lat' dir='ltr'>non</span> <span class='ocrx_word' id='word_1_208' title='bbox 943 2759 991 2818; x_wconf 89' lang='lat' dir='ltr'>est</span> <span class='ocrx_word' id='word_1_209' title='bbox 1020 2753 1067 2818; x_wconf 91' lang='lat' dir='ltr'>ita</span> <span class='ocrx_word' id='word_1_210' title='bbox 1100 2753 1248 2835; x_wconf 89' lang='lat' dir='ltr'>poliendo</span> <span class='ocrx_word' id='word_1_211' title='bbox 1278 2752 1370 2816; x_wconf 86' lang='lat' dir='ltr'>facile</span> <span class='ocrx_word' id='word_1_212' title='bbox 1400 2771 1432 2816; x_wconf 87' lang='lat' dir='ltr'>eo</span> <span class='ocrx_word' id='word_1_213' title='bbox 1461 2755 1495 2811; x_wconf 89' lang='lat' dir='ltr'>ut</span> 
     </span>
     <span class='ocr_line' id='line_1_25' title="bbox 286 2857 1500 2942; baseline -0.002 -22"><span class='ocrx_word' id='word_1_214' title='bbox 286 2857 422 2922; x_wconf 86' lang='lat' dir='ltr'>nitescat</span> <span class='ocrx_word' id='word_1_215' title='bbox 452 2857 634 2934; x_wconf 82' lang='lat' dir='ltr'>adducitur,</span> <span class='ocrx_word' id='word_1_216' title='bbox 665 2859 751 2922; x_wconf 89' lang='lat' dir='ltr'>velut</span> <span class='ocrx_word' id='word_1_217' title='bbox 785 2879 854 2934; x_wconf 90' lang='lat' dir='ltr'>aes,</span> <span class='ocrx_word' id='word_1_218' title='bbox 889 2881 978 2923; x_wconf 91' lang='lat' dir='ltr'>arma</span> <span class='ocrx_word' id='word_1_219' title='bbox 1009 2881 1107 2924; x_wconf 89' lang='lat' dir='ltr'>aenea</span> <span class='ocrx_word' id='word_1_220' title='bbox 1135 2860 1353 2942; x_wconf 89' lang='lat' dir='ltr'>imprimisque</span> <span class='ocrx_word' id='word_1_221' title='bbox 1384 2864 1500 2922; x_wconf 90' lang='lat' dir='ltr'>sentum</span> 
     </span>
     <span class='ocr_line' id='line_1_26' title="bbox 286 2954 1500 3051; baseline -0.002 -24"><span class='ocrx_word' id='word_1_222' title='bbox 286 2985 426 3028; x_wconf 89' lang='lat' dir='ltr'>aeneum.</span> <span class='ocrx_word' id='word_1_223' title='bbox 483 2962 528 3028; x_wconf 81' lang='lat' dir='ltr'>cf.</span> <span class='ocrx_word' id='word_1_224' title='bbox 551 2963 631 3028; x_wconf 89' lang='lat' dir='ltr'>XIII</span> <span class='ocrx_word' id='word_1_225' title='bbox 656 2972 674 3028; x_wconf 89' lang='lat'>8</span> <span class='ocrx_word' id='word_1_226' title='bbox 710 2963 766 3028; x_wconf 84' lang='grc' dir='ltr'>καί</span> <span class='ocrx_word' id='word_1_227' title='bbox 791 2954 879 3028; x_wconf 82' lang='grc' dir='ltr'><em>δ’πλα</em></span> <span class='ocrx_word' id='word_1_228' title='bbox 907 2961 943 3028; x_wconf 84' lang='grc' dir='ltr'>δὲ</span> <span class='ocrx_word' id='word_1_229' title='bbox 969 2957 1221 3050; x_wconf 72' lang='grc' dir='ltr'><em>λαμπρίνεσδαι</em></span> <span class='ocrx_word' id='word_1_230' title='bbox 1244 2955 1500 3051; x_wconf 82' lang='grc' dir='ltr'><em>προαγορείεται,</em></span> 
     </span>
     <span class='ocr_line' id='line_1_27' title="bbox 286 3058 1501 3158; baseline -0.002 -25"><span class='ocrx_word' id='word_1_231' title='bbox 286 3069 368 3133; x_wconf 85' lang='lat' dir='ltr'>Hell.</span> <span class='ocrx_word' id='word_1_232' title='bbox 393 3069 454 3134; x_wconf 90' lang='lat' dir='ltr'>VII</span> <span class='ocrx_word' id='word_1_233' title='bbox 485 3077 513 3145; x_wconf 82' lang='lat'>5,</span> <span class='ocrx_word' id='word_1_234' title='bbox 545 3077 585 3134; x_wconf 76' lang='lat'>20</span> <span class='ocrx_word' id='word_1_235' title='bbox 630 3061 750 3148; x_wconf 77' lang='grc' dir='ltr'><em>πάντες</em></span> <span class='ocrx_word' id='word_1_236' title='bbox 773 3058 802 3134; x_wconf 72' lang='grc' dir='ltr'>δ’</span> <span class='ocrx_word' id='word_1_237' title='bbox 834 3059 994 3158; x_wconf 71' lang='grc' dir='ltr'><em>ἠκονῶντο</em></span> <span class='ocrx_word' id='word_1_238' title='bbox 1025 3069 1082 3134; x_wconf 81' lang='grc' dir='ltr'>καὶ</span> <span class='ocrx_word' id='word_1_239' title='bbox 1111 3061 1227 3156; x_wconf 79' lang='grc' dir='ltr'><em>λόγχας</em></span> <span class='ocrx_word' id='word_1_240' title='bbox 1257 3069 1312 3134; x_wconf 85' lang='grc' dir='ltr'>καί</span> <span class='ocrx_word' id='word_1_241' title='bbox 1344 3065 1501 3155; x_wconf 75' lang='grc' dir='ltr'><em>μαχαίρας</em></span> 
     </span>
     <span class='ocr_line' id='line_1_28' title="bbox 285 3164 1502 3260; baseline 0.001 -24"><span class='ocrx_word' id='word_1_242' title='bbox 285 3172 342 3236; x_wconf 82' lang='grc' dir='ltr'>καὶ</span> <span class='ocrx_word' id='word_1_243' title='bbox 365 3166 605 3260; x_wconf 76' lang='grc' dir='ltr'><em>ἐλαμπρύνοντο</em></span> <span class='ocrx_word' id='word_1_244' title='bbox 626 3168 685 3254; x_wconf 83' lang='grc' dir='ltr'>τὰς</span> <span class='ocrx_word' id='word_1_245' title='bbox 708 3164 864 3254; x_wconf 75' lang='grc' dir='ltr'><em>ἀσπίδας.</em></span> <span class='ocrx_word' id='word_1_246' title='bbox 911 3176 978 3240; x_wconf 90' lang='lat' dir='ltr'>Iam</span> <span class='ocrx_word' id='word_1_247' title='bbox 1002 3177 1095 3240; x_wconf 85' lang='lat' dir='ltr'>facile</span> <span class='ocrx_word' id='word_1_248' title='bbox 1118 3176 1247 3257; x_wconf 86' lang='lat' dir='ltr'>colliges</span> <span class='ocrx_word' id='word_1_249' title='bbox 1270 3176 1353 3239; x_wconf 88' lang='lat' dir='ltr'>idem</span> <span class='ocrx_word' id='word_1_250' title='bbox 1376 3175 1502 3241; x_wconf 80' lang='lat' dir='ltr'>verbum</span> 
     </span>
     <span class='ocr_line' id='line_1_29' title="bbox 284 3279 1501 3367; baseline -0.002 -24"><span class='ocrx_word' id='word_1_251' title='bbox 284 3279 345 3344; x_wconf 92' lang='lat' dir='ltr'>hoc</span> <span class='ocrx_word' id='word_1_252' title='bbox 368 3280 407 3344; x_wconf 89' lang='lat' dir='ltr'>de</span> <span class='ocrx_word' id='word_1_253' title='bbox 430 3303 491 3365; x_wconf 89' lang='lat' dir='ltr'>quo</span> <span class='ocrx_word' id='word_1_254' title='bbox 521 3283 628 3364; x_wconf 86' lang='lat' dir='ltr'>agitur</span> <span class='ocrx_word' id='word_1_255' title='bbox 649 3283 719 3347; x_wconf 89' lang='lat' dir='ltr'>loeo</span> <span class='ocrx_word' id='word_1_256' title='bbox 748 3291 890 3367; x_wconf 87' lang='lat' dir='ltr'>spectare</span> <span class='ocrx_word' id='word_1_257' title='bbox 913 3283 954 3347; x_wconf 89' lang='lat' dir='ltr'>ad</span> <span class='ocrx_word' id='word_1_258' title='bbox 981 3289 1104 3346; x_wconf 90' lang='lat' dir='ltr'>scutum</span> <span class='ocrx_word' id='word_1_259' title='bbox 1128 3281 1213 3365; x_wconf 93' lang='lat' dir='ltr'>quod</span> <span class='ocrx_word' id='word_1_260' title='bbox 1242 3289 1501 3346; x_wconf 87' lang='lat' dir='ltr'>oornmemoratur</span> 
     </span>
     <span class='ocr_line' id='line_1_30' title="bbox 286 3375 1504 3475; baseline 0 -25"><span class='ocrx_word' id='word_1_261' title='bbox 286 3407 417 3473; x_wconf 87' lang='lat' dir='ltr'>aeneum</span> <span class='ocrx_word' id='word_1_262' title='bbox 440 3388 575 3471; x_wconf 87' lang='lat' dir='ltr'>ideoque</span> <span class='ocrx_word' id='word_1_263' title='bbox 594 3388 691 3452; x_wconf 85' lang='lat' dir='ltr'>rerba</span> <span class='ocrx_word' id='word_1_264' title='bbox 714 3387 770 3451; x_wconf 82' lang='lat' dir='ltr'>aui</span> <span class='ocrx_word' id='word_1_265' title='bbox 795 3386 913 3475; x_wconf 74' lang='grc' dir='ltr'><em>χαλκῆν</em></span> <span class='ocrx_word' id='word_1_266' title='bbox 935 3375 1065 3452; x_wconf 80' lang='grc' dir='ltr'><em>ἆοπίδα</em></span> <span class='ocrx_word' id='word_1_267' title='bbox 1086 3410 1150 3452; x_wconf 91' lang='lat' dir='ltr'>non</span> <span class='ocrx_word' id='word_1_268' title='bbox 1167 3387 1300 3452; x_wconf 89' lang='lat' dir='ltr'>delenda</span> <span class='ocrx_word' id='word_1_269' title='bbox 1323 3387 1378 3451; x_wconf 84' lang='lat' dir='ltr'>sed</span> <span class='ocrx_word' id='word_1_270' title='bbox 1401 3395 1504 3451; x_wconf 89' lang='lat' dir='ltr'>trans·</span> 
     </span>
     <span class='ocr_line' id='line_1_31' title="bbox 284 3484 1502 3579; baseline -0.002 -23"><span class='ocrx_word' id='word_1_271' title='bbox 284 3493 432 3576; x_wconf 87' lang='lat' dir='ltr'>ponenda</span> <span class='ocrx_word' id='word_1_272' title='bbox 461 3515 528 3558; x_wconf 88' lang='lat' dir='ltr'>esse</span> <span class='ocrx_word' id='word_1_273' title='bbox 558 3501 630 3577; x_wconf 91' lang='lat' dir='ltr'>post</span> <span class='ocrx_word' id='word_1_274' title='bbox 660 3485 752 3558; x_wconf 83' lang='grc' dir='ltr'><em>εἶναι.</em></span> <span class='ocrx_word' id='word_1_275' title='bbox 807 3495 857 3559; x_wconf 92' lang='lat' dir='ltr'>Ita</span> <span class='ocrx_word' id='word_1_276' title='bbox 892 3496 975 3559; x_wconf 88' lang='lat' dir='ltr'>enim</span> <span class='ocrx_word' id='word_1_277' title='bbox 1013 3495 1214 3559; x_wconf 89' lang='lat' dir='ltr'>enuntiatum</span> <span class='ocrx_word' id='word_1_278' title='bbox 1254 3489 1310 3556; x_wconf 84' lang='grc' dir='ltr'>καὶ</span> <span class='ocrx_word' id='word_1_279' title='bbox 1349 3484 1502 3579; x_wconf 81' lang='grc' dir='ltr'><em>γὰρ’...</em></span> 
     </span>
     <span class='ocr_line' id='line_1_32' title="bbox 284 3596 1503 3684; baseline -0.001 -22"><span class='ocrx_word' id='word_1_280' title='bbox 284 3596 488 3684; x_wconf 83' lang='grc' dir='ltr'><em>ῥυπαίνεται,</em></span> <span class='ocrx_word' id='word_1_281' title='bbox 523 3601 608 3682; x_wconf 90' lang='lat' dir='ltr'>quod</span> <span class='ocrx_word' id='word_1_282' title='bbox 637 3601 730 3666; x_wconf 90' lang='lat' dir='ltr'>aliter</span> <span class='ocrx_word' id='word_1_283' title='bbox 759 3600 1001 3683; x_wconf 85' lang='lat' dir='ltr'>explicationem</span> <span class='ocrx_word' id='word_1_284' title='bbox 1031 3621 1094 3664; x_wconf 93' lang='lat' dir='ltr'>non</span> <span class='ocrx_word' id='word_1_285' title='bbox 1124 3601 1235 3673; x_wconf 91' lang='lat' dir='ltr'>habet,</span> <span class='ocrx_word' id='word_1_286' title='bbox 1269 3599 1433 3682; x_wconf 88' lang='lat' dir='ltr'>aptissime</span> <span class='ocrx_word' id='word_1_287' title='bbox 1467 3600 1503 3663; x_wconf 90' lang='lat' dir='ltr'>de</span> 
     </span>
     <span class='ocr_line' id='line_1_33' title="bbox 284 3705 1503 3788; baseline -0.003 -18"><span class='ocrx_word' id='word_1_288' title='bbox 284 3705 365 3770; x_wconf 89' lang='lat' dir='ltr'>scuti</span> <span class='ocrx_word' id='word_1_289' title='bbox 387 3707 477 3770; x_wconf 89' lang='lat' dir='ltr'>aenei</span> <span class='ocrx_word' id='word_1_290' title='bbox 499 3705 622 3788; x_wconf 86' lang='lat' dir='ltr'>fulgore</span> <span class='ocrx_word' id='word_1_291' title='bbox 647 3707 772 3771; x_wconf 89' lang='lat' dir='ltr'>dicitur.</span> <span class='ocrx_word' id='word_1_292' title='bbox 810 3706 915 3771; x_wconf 91' lang='lat' dir='ltr'>Polire</span> <span class='ocrx_word' id='word_1_293' title='bbox 938 3713 1043 3770; x_wconf 89' lang='lat' dir='ltr'>autem</span> <span class='ocrx_word' id='word_1_294' title='bbox 1066 3706 1183 3788; x_wconf 86' lang='lat' dir='ltr'>clipeos</span> <span class='ocrx_word' id='word_1_295' title='bbox 1205 3705 1362 3788; x_wconf 87' lang='lat' dir='ltr'>imprimis</span> <span class='ocrx_word' id='word_1_296' title='bbox 1379 3705 1503 3769; x_wconf 82' lang='lat' dir='ltr'>videtur</span> 
     </span>
     <span class='ocr_line' id='line_1_34' title="bbox 283 3802 1503 3891; baseline -0.002 -15"><span class='ocrx_word' id='word_1_297' title='bbox 283 3813 604 3877; x_wconf 88' lang='lat' dir='ltr'>Lacedaemoniorum</span> <span class='ocrx_word' id='word_1_298' title='bbox 627 3813 723 3878; x_wconf 83' lang='lat' dir='ltr'>luisse</span> <span class='ocrx_word' id='word_1_299' title='bbox 745 3813 851 3877; x_wconf 83' lang='lat' dir='ltr'>morie.</span> <span class='ocrx_word' id='word_1_300' title='bbox 893 3811 938 3876; x_wconf 80' lang='lat' dir='ltr'>df.</span> <span class='ocrx_word' id='word_1_301' title='bbox 954 3812 1086 3879; x_wconf 87' lang='lat' dir='ltr'>Anab.I</span> <span class='ocrx_word' id='word_1_302' title='bbox 1108 3821 1135 3889; x_wconf 67' lang='grc' dir='ltr'>ν,</span> <span class='ocrx_word' id='word_1_303' title='bbox 1164 3820 1201 3876; x_wconf 87' lang='grc'>16</span> <span class='ocrx_word' id='word_1_304' title='bbox 1226 3802 1312 3891; x_wconf 79' lang='grc' dir='ltr'><em>εἶχον</em></span> <span class='ocrx_word' id='word_1_305' title='bbox 1331 3808 1368 3875; x_wconf 81' lang='grc' dir='ltr'>δὲ</span> <span class='ocrx_word' id='word_1_306' title='bbox 1383 3802 1503 3885; x_wconf 82' lang='grc' dir='ltr'><em>πάντες</em></span> 
     </span>
     <span class='ocr_line' id='line_1_35' title="bbox 283 3904 1501 4007; baseline 0 -26"><span class='ocrx_word' id='word_1_307' title='bbox 283 3909 381 4006; x_wconf 78' lang='grc' dir='ltr'><em>κράνη</em></span> <span class='ocrx_word' id='word_1_308' title='bbox 402 3915 506 4000; x_wconf 79' lang='grc' dir='ltr'><em>χαλκῶ</em></span> <span class='ocrx_word' id='word_1_309' title='bbox 528 3915 584 3981; x_wconf 83' lang='grc' dir='ltr'>καί</span> <span class='ocrx_word' id='word_1_310' title='bbox 605 3915 742 4000; x_wconf 79' lang='grc' dir='ltr'><em>χιτῶνας</em></span> <span class='ocrx_word' id='word_1_311' title='bbox 758 3917 925 4007; x_wconf 72' lang='grc' dir='ltr'><em>φοινικοῦς</em></span> <span class='ocrx_word' id='word_1_312' title='bbox 948 3916 1004 3982; x_wconf 85' lang='grc' dir='ltr'>καὶ</span> <span class='ocrx_word' id='word_1_313' title='bbox 1024 3917 1180 4006; x_wconf 88' lang='grc' dir='ltr'><em>κνημῖδας</em></span> <span class='ocrx_word' id='word_1_314' title='bbox 1195 3915 1251 3981; x_wconf 83' lang='grc' dir='ltr'>καί</span> <span class='ocrx_word' id='word_1_315' title='bbox 1274 3909 1333 3994; x_wconf 89' lang='grc' dir='ltr'><em>τδις</em></span> <span class='ocrx_word' id='word_1_316' title='bbox 1354 3904 1501 3990; x_wconf 70' lang='grc' dir='ltr'><em>(λοπίδας</em></span> 
     </span>
     <span class='ocr_line' id='line_1_36' title="bbox 284 4006 1502 4110; baseline -0.003 -23"><span class='ocrx_word' id='word_1_317' title='bbox 284 4021 578 4110; x_wconf 70' lang='grc' dir='ltr'><em>ε’κκεκαθαρμὲνας.</em></span> <span class='ocrx_word' id='word_1_318' title='bbox 619 4026 688 4090; x_wconf 88' lang='grc' dir='ltr'>Ηοο</span> <span class='ocrx_word' id='word_1_319' title='bbox 706 4025 840 4090; x_wconf 84' lang='lat' dir='ltr'>fortasse</span> <span class='ocrx_word' id='word_1_320' title='bbox 860 4006 893 4089; x_wconf 85' lang='lat' dir='ltr'>in</span> <span class='ocrx_word' id='word_1_321' title='bbox 910 4047 1006 4090; x_wconf 88' lang='lat' dir='ltr'>causa</span> <span class='ocrx_word' id='word_1_322' title='bbox 1028 4024 1089 4089; x_wconf 87' lang='lat' dir='ltr'>fuit</span> <span class='ocrx_word' id='word_1_323' title='bbox 1105 4046 1160 4089; x_wconf 89' lang='lat' dir='ltr'>cur</span> <span class='ocrx_word' id='word_1_324' title='bbox 1177 4026 1245 4088; x_wconf 89' lang='lat' dir='ltr'>sola</span> <span class='ocrx_word' id='word_1_325' title='bbox 1260 4032 1350 4088; x_wconf 89' lang='lat' dir='ltr'>scuta</span> <span class='ocrx_word' id='word_1_326' title='bbox 1367 4024 1502 4106; x_wconf 88' lang='lat' dir='ltr'>scriptor</span> 
     </span>
     <span class='ocr_line' id='line_1_37' title="bbox 282 4129 1502 4214; baseline -0.005 -20"><span class='ocrx_word' id='word_1_327' title='bbox 282 4130 435 4195; x_wconf 88' lang='lat' dir='ltr'>hocloco</span> <span class='ocrx_word' id='word_1_328' title='bbox 460 4139 726 4208; x_wconf 87' lang='lat' dir='ltr'>commemoraret,</span> <span class='ocrx_word' id='word_1_329' title='bbox 756 4139 860 4197; x_wconf 89' lang='lat' dir='ltr'>cetera</span> <span class='ocrx_word' id='word_1_330' title='bbox 883 4153 965 4214; x_wconf 88' lang='lat' dir='ltr'>quae</span> <span class='ocrx_word' id='word_1_331' title='bbox 985 4133 1215 4214; x_wconf 85' lang='lat' dir='ltr'>Spartanorum</span> <span class='ocrx_word' id='word_1_332' title='bbox 1246 4129 1377 4213; x_wconf 89' lang='lat' dir='ltr'>propria</span> <span class='ocrx_word' id='word_1_333' title='bbox 1400 4132 1502 4195; x_wconf 87' lang='lat' dir='ltr'>essent</span> 
     </span>
     <span class='ocr_line' id='line_1_38' title="bbox 283 4237 1501 4321; baseline -0.005 -19"><span class='ocrx_word' id='word_1_334' title='bbox 283 4258 373 4302; x_wconf 90' lang='lat' dir='ltr'>arma</span> <span class='ocrx_word' id='word_1_335' title='bbox 396 4237 671 4320; x_wconf 87' lang='lat' dir='ltr'>praetermitteret.</span> <span class='ocrx_word' id='word_1_336' title='bbox 715 4241 820 4321; x_wconf 85' lang='lat' dir='ltr'>Atque</span> <span class='ocrx_word' id='word_1_337' title='bbox 843 4238 927 4302; x_wconf 90' lang='lat' dir='ltr'>idem</span> <span class='ocrx_word' id='word_1_338' title='bbox 950 4237 1094 4321; x_wconf 86' lang='lat' dir='ltr'>sequenti</span> <span class='ocrx_word' id='word_1_339' title='bbox 1117 4237 1280 4301; x_wconf 88' lang='lat' dir='ltr'>enuntiato</span> <span class='ocrx_word' id='word_1_340' title='bbox 1303 4237 1367 4300; x_wconf 88' lang='lat' dir='ltr'>tale</span> <span class='ocrx_word' id='word_1_341' title='bbox 1391 4237 1501 4300; x_wconf 88' lang='lat' dir='ltr'>narrat</span> 
     </span>
    </p>
   </div>
   <div class='ocr_carea' id='block_1_2' title="bbox 0 0 1622 4894">
    <p class='ocr_par' dir='ltr' id='par_1_4' title="bbox 0 0 1622 4894">
     <span class='ocr_line' id='line_1_39' title="bbox 0 0 1622 4894; baseline 0 2"><span class='ocrx_word' id='word_1_342' title='bbox 0 0 1622 4894; x_wconf 95' lang='lat' dir='ltr'> </span> 
     </span>
    </p>
   </div>
  </div>
 </body>
</html>
