3236 4894
761 231 972 324 4¹}-

258 455 329 498 nem
353 441 509 518 spectant3
532 433 615 499 hanc
630 456 703 500 vero
723 435 887 500 materiam
910 458 930 500 a
954 436 1153 519 superiorum
1168 458 1257 519 capp.
1275 440 1486 517 argument0‚

257 540 346 624 quod
375 541 416 606 ad
446 532 687 628 ἐπιτηδεύματα
716 540 946 624 Spartanorum
977 542 1131 625 pertinet,
1175 541 1270 605 nimis
1308 541 1488 606 abhorrere

257 668 322 711 non
346 646 509 712 eredimus.
560 648 727 712 Praeterea
758 655 863 713 autem
892 648 996 712 verbis
1024 639 1104 734 μόνη
1137 638 1196 732 γὰρ
1225 638 1264 733 δὴ
1293 635 1370 733 uiirq
1401 634 1486 733 ἀρχὴ
1522 717 1528 732 ι

255 753 339 837 (scil.
363 753 509 836 regnum)
533 751 673 816 διατελεῖ
697 754 813 838 οἵαπερ
837 751 873 832 ἐξ
893 741 989 840 ἀρχῆς
1012 743 1216 840 κατεστάθη·
1241 744 1299 829 τὰς
1321 749 1357 816 δὲ
1381 739 1488 828 ἄλλοις

257 854 428 934 πολιτείας
451 859 532 943 (scil.
555 858 684 942 publica
706 859 869 924 civitatum
891 859 1053 944 instituta)
1084 848 1168 945 sibor
1198 845 1236 922 lb
1264 882 1315 934 τις
1343 880 1487 939 peroras-

256 961 428 1051 atrque'uog
456 963 512 1028 καὶ
542 960 591 1028 i'ut
620 963 676 1027 καὶ
710 961 762 1028 νῦν
789 962 1059 1046 μετακινοτμὲνας
1090 965 1165 1049 (XV
1185 963 1217 1048 1)
1246 965 1314 1046 ipse
1345 964 1489 1046 scriptor

256 1091 314 1132 eur
338 1070 398 1134 hoe
420 1077 516 1152 caput
539 1070 670 1135 adderet
693 1069 925 1153 quodammodo
950 1071 1127 1146 excusavit,
1151 1092 1222 1134 cum
1245 1091 1326 1152 quae
1350 1089 1386 1133 eo
1406 1091 1488 1152 pro-

261 1176 420 1240 ferrentur
443 1197 513 1239 cum
536 1175 652 1259 reliqui
675 1175 750 1241 libri
774 1182 960 1258 argumento
986 1177 1089 1241 laxius
1113 1175 1280 1240 cohaerere
1303 1196 1367 1240 non
1390 1176 1488 1257 igno·

258 1289 354 1346 reret.
401 1281 493 1358 Quod
516 1282 542 1346 si
567 1282 613 1346 ita
636 1289 698 1360 est,
728 1283 884 1347 falluntur
907 1283 961 1364 qui
991 1282 1051 1346 hoc
1081 1287 1178 1364 caput
1208 1281 1302 1346 aliter
1332 1283 1486 1364 scriptori

256 1387 378 1452 servari
401 1409 464 1451 nou
480 1409 573 1470 posse
589 1388 771 1452 existimant
793 1387 855 1452 nisi
879 1396 913 1453 ut
937 1394 1118 1470 excerptum
1142 1409 1208 1451 esse
1230 1386 1314 1451 hunc
1337 1386 1486 1452 libellum

257 1498 419 1557 statuatur
442 1514 480 1556 ex
504 1493 657 1575 ampliore
680 1514 774 1576 opere
805 1515 868 1577 quo
891 1492 930 1557 de
952 1493 1099 1557 omnibus
1127 1493 1282 1558 institutis
1312 1513 1349 1556 ac
1371 1514 1487 1557 mune-

258 1599 348 1664 ribus
373 1599 538 1682 Spartanis
562 1599 696 1682 scriptor
718 1598 818 1664 fusius
842 1600 950 1681 egerit.

347 1707 467 1771 Verum
495 1706 661 1782 enimvero,
692 1712 729 1769 ut
756 1706 820 1768 iam
849 1705 932 1769 unde
961 1705 1102 1787 digressa
1125 1710 1173 1769 est
1194 1704 1305 1770 redeat
1320 1705 1431 1780 oratio,
1455 1706 1485 1769 si

256 1812 422 1894 scriptoris
457 1811 624 1876 consilium
658 1811 787 1894 eiusque
822 1810 861 1875 de
895 1832 960 1894 rep.
984 1811 1057 1875 Lao.
1082 1811 1342 1875 commentarium
1375 1811 1485 1894 qualis

256 1918 396 1982 traditus
428 1925 474 1982 est
504 1918 761 1994 consideraveris
792 1938 895 1999 neque
926 1917 1033 1982 deesse
1061 1917 1212 1982 maiorem
1235 1917 1334 1980 ullam
1358 1923 1487 2000 partem

258 2024 400 2089 iuvenies
423 2044 481 2088 nec
504 2023 674 2106 quicquam
705 2023 847 2107 potuisse
877 2022 954 2087 addi
984 2022 1134 2087 concedes
1165 2022 1249 2104 quod
1280 2043 1344 2086 non
1373 2023 1487 2105 aliqua

256 2152 297 2193 ex
327 2129 451 2193 ratione
480 2129 611 2193 consilio
640 2129 674 2192 in
704 2129 797 2192 initio
827 2129 894 2192 eius
922 2129 1085 2211 proposito
1108 2128 1320 2211 responderet.
1366 2129 1484 2212 Itaque

255 2257 328 2298 cum
351 2234 392 2298 ad
415 2255 568 2298 summam
591 2234 637 2299 rei
659 2234 842 2317 propositae
865 2233 947 2298 nihil
971 2233 1061 2312 desit,
1081 2255 1144 2298 non
1168 2241 1215 2297 est
1232 2255 1288 2298 eur
1305 2234 1483 2299 ullomodo

256 2340 358 2423 ipsius
382 2339 602 2422 Xenophontis
636 2339 754 2404 librum
789 2339 1008 2404 detruncatum
1041 2340 1089 2403 vel
1118 2340 1300 2404 mutilatum
1323 2361 1391 2405 esse
1414 2363 1478 2404 cre·

256 2446 379 2510 damus.
413 2445 523 2530 Neque
545 2469 584 2512 ex
606 2440 728 2511 lacunis
752 2467 833 2529 quae
856 2453 1042 2530 comparent
1063 2447 1112 2509 vel
1136 2468 1174 2510 ex
1197 2429 1385 2529 perturbato
1409 2469 1481 2512 sen-

256 2552 429 2617 tentiarum
453 2553 563 2617 ordine
586 2552 654 2616 eius
676 2553 869 2619 breviarium
897 2552 988 2617 nobis
1012 2558 1171 2617 servatum
1195 2572 1261 2616 esse
1284 2557 1367 2616 recte
1389 2553 1477 2614 eolli-

255 2659 351 2740 gitur.
396 2658 479 2724 Nam
502 2680 573 2722 cum
594 2658 628 2721 in
651 2658 780 2722 turbato
804 2658 916 2722 ordine
937 2657 1028 2722 nulla
1050 2664 1198 2721 cernatur
1221 2657 1313 2734 ratic,
1335 2656 1470 2745 qonsulto

255 2764 406 2828 turbatus
437 2785 503 2828 esse
526 2764 648 2846 nequit.
694 2763 799 2846 Atque
822 2763 905 2827 idem
928 2763 967 2827 de
989 2763 1112 2827 lacunis
1135 2763 1303 2828 dicendum
1326 2768 1379 2838 est,
1404 2783 1474 2825 cum

255 2892 321 2954 quo
345 2871 477 2935 consilio
500 2891 627 2953 quaque
651 2868 776 2933 ratione
798 2867 927 2954 effectae
950 2869 1014 2932 sint
1036 2869 1155 2932 nemini
1171 2869 1303 2952 liqueat.
1341 2869 1391 2932 An
1406 2868 1478 2933 bre-

254 2977 364 3042 vitatis
388 2975 548 3059 quoddam
572 2974 712 3040 studium
741 2975 775 3038 in
796 2975 920 3040 omissis
944 2975 1130 3040 necessariis
1153 2976 1382 3040 sententiarum
1404 2996 1481 3058 par·

252 3082 341 3146 tibus
375 3082 597 3163 cognoscitur?
644 3081 725 3162 Sane
760 3081 936 3146 orationem
969 3081 1075 3144 minus
1108 3081 1299 3164 explicatam
1330 3081 1482 3146 essehoc

253 3187 346 3252 modo
374 3209 541 3271 possumus
570 3180 768 3269 intellegere,
798 3187 853 3251 sed
888 3207 969 3269 quae
1001 3207 1131 3269 prorsus
1155 3186 1263 3251 hiulca
1286 3192 1359 3250 sunt
1382 3193 1483 3269 atque

251 3293 333 3358 adeo
363 3293 510 3358 mutilata
541 3300 577 3357 ut
599 3314 655 3357 uec
678 3293 844 3357 verborum
873 3313 929 3356 nee
951 3314 1057 3356 rerum
1082 3313 1161 3356 sana
1184 3292 1388 3357 cohaerentia
1410 3313 1482 3356 cer-

254 3405 351 3464 natur
367 3399 413 3463 ita
433 3421 535 3481 neque
547 3398 693 3462 excusari
710 3418 813 3481 neque
826 3397 983 3462 exstitisse
1005 3404 1147 3480 possunt.
1171 3398 1262 3462 Tales
1286 3404 1393 3461 autem
1415 3396 1482 3462 fere

252 3526 363 3570 omnes
387 3505 410 3568 ii
434 3505 495 3569 loci
518 3512 592 3569 sunt
613 3525 693 3587 quos
715 3504 883 3568 lacunosos
907 3524 973 3567 esse
995 3504 1223 3586 perspeximus.
1262 3503 1377 3568 Mediis
1396 3502 1480 3566 enim

253 3611 288 3673 in
318 3610 491 3674 enuntiatis
520 3610 647 3674 articuli
677 3610 881 3691 membraque
912 3608 1107 3686 exciderunt,
1137 3610 1313 3675 sententiae
1335 3609 1480 3674 diversae

254 3716 289 3779 in
312 3737 410 3780 unam
432 3715 580 3780 videntur
605 3722 787 3780 contractae
803 3735 878 3779 esse.
917 3713 1078 3797 Numquid
1094 3715 1173 3780 haec
1189 3715 1356 3780 brevitatis
1373 3713 1479 3778 studio

253 3821 454 3886 tribuamus?
500 3822 582 3887 Sane
612 3821 863 3904 stupidissimum
895 3820 1052 3903 quendam
1082 3843 1244 3904 supraque
1272 3819 1364 3884 fidem
1388 3819 1480 3883 iucu-

254 3928 375 3992 riosum
409 3928 569 3994 hominem
602 3928 694 3992 nobis
728 3926 884 4009 fingamus
915 3947 1040 3992 necesse
1068 3927 1119 4003 sit,
1155 3928 1210 4010 qui
1244 3927 1292 3991 ita
1314 3926 1479 4010 scriptoris

208 4032 210 4037 ’
255 4033 353 4098 verba
379 4034 412 4097 in
443 4034 660 4116 angustiorem
689 4032 844 4098 ambitum
875 4032 1042 4114 redegerit.
1088 4033 1197 4116 Neque
1225 4031 1318 4098 facile
1347 4031 1388 4097 ad
1411 4031 1480 4113 epi·

252 4145 360 4204 tomen
384 4139 525 4206 revocari
548 4146 653 4222 potest
675 4138 770 4221 quod,
793 4160 864 4202 cum
887 4139 1065 4203 necessaria
1089 4138 1224 4203 subinde
1247 4137 1480 4214 desiderentur,
