3236 4894
765 251 781 302 7

163 458 349 524 versantur?
389 455 472 521 Nam
495 456 521 521 si
551 457 605 540 qui
637 457 753 520 multos
782 455 1005 538 surripuerunt
1033 473 1140 518 caseos
1168 451 1292 516 laudem
1322 451 1385 516 sibi

162 572 319 648 pararunt
342 564 543 646 eminentque
565 549 649 627 inter
673 562 831 646 aequales
855 583 929 624 num
947 560 1043 624 iidem
1066 559 1113 622 ita
1136 566 1269 642 possunt
1285 558 1385 622 hono·

162 672 228 736 rari
251 676 288 734 ut
309 668 445 752 flagellis
468 669 649 744 caedantur,
679 671 796 751 quippe
821 667 907 750 quod
929 687 1050 749 poenae
1075 685 1141 729 esse
1168 686 1266 747 genus
1289 663 1382 728 modo

163 776 400 842 audiverimus?
448 775 518 840 Nisi
556 796 630 839 vero
665 775 745 838 alios
779 793 892 856 pueros
927 779 964 836 ut
997 771 1203 854 punirentur,
1237 771 1317 834 alios
1349 776 1385 834 ut

164 883 303 967 praemio
327 884 376 949 vel
399 883 519 946 honore
542 879 743 946 afficerentur
764 877 941 961 flagellatos
964 899 1031 942 esse
1053 877 1224 960 putaveris.
1271 879 1313 940 At
1336 876 1384 939 ita
1422 897 1427 908 ’

165 989 207 1054 ad
229 1011 328 1054 unum
358 1008 467 1052 omnes
495 987 652 1052 verberati
673 979 794 1062 essent,
826 990 858 1049 et
885 984 970 1067 pigri
1000 992 1032 1049 et
1061 984 1192 1058 strenui,
1224 1003 1324 1064 neque
1346 982 1385 1044 de

164 1116 267 1179 poena
289 1100 395 1177 posset
416 1093 517 1174 magis
534 1114 629 1175 quam
652 1092 691 1155 de
712 1092 832 1157 honore
848 1093 896 1156 vel
919 1091 1061 1173 praemio
1085 1111 1186 1154 sermo
1202 1088 1280 1164 fieri,
1305 1109 1383 1170 quo-

167 1201 252 1266 niam
276 1200 410 1264 alterum
433 1199 517 1262 idem
539 1197 621 1262 foret
638 1198 723 1280 quod
746 1197 891 1262 alterum.
929 1196 1063 1279 Insuper
1085 1201 1192 1260 autem
1209 1195 1287 1277 quid
1302 1193 1384 1282 illud

163 1295 275 1383 ἄλλοις
296 1307 401 1370 ualeat
423 1305 476 1369 vix
499 1304 688 1387 perspicias;
718 1325 854 1385 namque
876 1303 937 1367 hoc
960 1303 1037 1366 satis
1061 1307 1305 1366 consentaneum
1328 1308 1384 1375 est,

165 1435 229 1478 non
252 1413 356 1496 ipsum
378 1433 410 1476 se
426 1432 619 1494 quemquam
641 1408 827 1492 flagellasse.
867 1409 1030 1502 Senteptia
1046 1407 1173 1492 quidem
1196 1407 1256 1471 loci
1276 1421 1386 1489 postu-

165 1519 231 1584 lare
261 1519 387 1582 videtur
414 1526 451 1582 ut
482 1539 519 1580 ea
550 1538 624 1581 voce
652 1515 708 1580 alii
742 1515 834 1599 pueri
864 1514 1125 1598 designentur1);
1160 1513 1216 1578 sed
1244 1533 1297 1576 cos
1329 1512 1385 1594 qui

163 1624 311 1707 rapiendi
339 1624 500 1688 celeritate
529 1623 656 1688 laudem
681 1622 870 1686 meruissent
898 1621 939 1685 ab
962 1621 1034 1684 aliis
1064 1621 1119 1702 qui
1149 1620 1301 1694 minorem
1329 1624 1385 1682 aut

165 1730 287 1794 nullam
309 1729 542 1812 praestitissent
565 1729 714 1792 virtutem
737 1729 834 1808 virgis
857 1729 906 1790 vel
937 1725 1072 1808 flagellis
1095 1747 1162 1790 esse
1185 1745 1291 1788 caesos
1314 1745 1385 1807 per-

166 1835 280 1899 mirum
302 1840 399 1916 atque
422 1833 595 1898 absurdum
616 1832 750 1898 videtur.

255 1939 323 2004 laur
340 1940 367 2004 si
382 1939 516 2003 alteram
531 1938 626 2002 huius
644 1939 800 2004 enuntiati
816 1947 938 2020 partem
960 1935 1068 2024 (τοῦτο
1085 1927 1122 2023 δὴ
1139 1933 1282 2024 δηλῶσαι
1300 1985 1307 1997 .
1325 1983 1332 1997 .
1351 1985 1358 1997 .
1376 1984 1384 1998 .

158 2037 415 2134 εὐφραίνεσθαι)
438 2045 684 2120 consideramus,
706 2044 789 2108 hano
811 2043 853 2108 ab
875 2045 916 2107 iis
938 2065 1020 2126 quae
1042 2043 1233 2107 antecedunt
1254 2062 1385 2124 prorsus

166 2152 303 2218 alienam
326 2173 393 2215 esse
416 2152 524 2216 statim
548 2157 691 2234 apparet.
711 2172 717 2186 ⁸
734 2151 793 2214 Est
815 2151 898 2215 enirn
922 2151 968 2214 ita
992 2150 1059 2213 sine
1082 2149 1178 2213 dubio
1202 2147 1386 2230 accipienda

165 2265 201 2323 ut
223 2257 265 2322 ad
289 2257 419 2322 verbera
435 2258 614 2321 ultionum
638 2256 732 2321 laude
754 2257 954 2320 constantiae
976 2277 1013 2320 ac
1037 2255 1233 2319 fortitudinis
1250 2254 1386 2318 tolerata

165 2358 333 2446 pertineat,
356 2364 485 2427 minime
500 2385 572 2427 vero
597 2363 637 2427 ad
661 2363 740 2427 talia
756 2383 836 2444 quae
852 2363 924 2444 quis
947 2361 1011 2424 sive
1034 2382 1154 2443 poenae
1170 2361 1236 2426 sive
1252 2359 1385 2443 praemii

167 2470 271 2552 gratia
294 2471 430 2535 tolerare
457 2475 597 2550 cogatur.
635 2469 741 2552 Atque
757 2469 919 2533 sollemnis
936 2468 994 2531 illa
1010 2463 1267 2551 διαμαστίγωσις
1290 2486 1386 2547 quam

165 2582 281 2640 vocant
316 2574 488 2658 significari
519 2576 569 2638 his
598 2575 702 2638 verbis
731 2575 870 2650 videtur,
906 2595 970 2656 qua
1000 2595 1038 2636 ex
1068 2573 1214 2636 instituto
1248 2571 1386 2654 Lycurgi

167 2682 337 2766 quotannis
360 2703 467 2747 omnes
496 2680 588 2764 pueri
612 2682 661 2746 vel
692 2680 910 2745 adulescentes
938 2680 1088 2762 Spartani
1118 2678 1159 2742 ad
1182 2677 1303 2742 Dianae
1327 2678 1386 2742 Or-

166 2789 253 2853 thiae
275 2809 364 2853 araur
387 2785 641 2868 flagellabantur.
683 2786 773 2863 Quod
796 2793 879 2851 recte
896 2786 1033 2850 Haasius
1056 2785 1145 2860 vidit,
1167 2785 1257 2848 cuius
1280 2791 1386 2847 tamen

166 2896 270 2959 locum
299 2893 490 2958 restituendi
524 2899 672 2957 conatum
706 2914 797 2956 nemo
828 2892 1009 2974 probabit„
1040 2891 1141 2954 Ratus
1173 2891 1257 2953 eninr
1291 2890 1387 2952 etiam

167 3000 306 3082 priorem
327 2999 422 3062 huius
445 2999 601 3062 enuntiati
624 3005 756 3080 partem,
780 3019 843 3080 qua
866 2999 904 3062 de
927 2997 1073 3080 rapiendi
1096 2996 1258 3060 celeritate
1281 3016 1384 3058 sermo

168 3111 225 3181 est,
248 3103 290 3168 ad
313 3099 570 3189 ὄιαμαστίγωσιν
590 3104 681 3168 illam
700 3111 852 3186 spectare,
875 3094 986 3187 τυρούς
1009 3124 1112 3167 vocem
1129 3101 1163 3166 iu
1185 3093 1308 3178 τύπους
1330 3108 1386 3166 aut

168 3213 202 3274 in
225 3201 337 3286 τέλους
365 3216 520 3273 mutatam
543 3210 620 3286 vult,
651 3201 773 3286 trinorc
801 3210 1028 3291 interpretatus
1054 3197 1229 3273 ‘verberum
1252 3207 1386 3288 vestigia

167 3324 198 3383 et
225 3303 339 3392 notas',
368 3307 481 3392 ‘ci-long
508 3305 647 3380 ‘carnem
676 3337 758 3398 quae
786 3316 934 3381 occalluit
963 3323 995 3380 et
1023 3315 1133 3380 durior
1161 3314 1246 3379 facta
1275 3319 1323 3378 est
1352 3315 1387 3376 in

167 3410 333 3488 cicatrice'.
368 3421 524 3487 Neutrum
540 3443 641 3504 neque
656 3427 766 3504 aptum
788 3429 836 3487 est
851 3421 911 3486 hoc
933 3421 1002 3486 loco
1019 3442 1075 3485 neo
1097 3419 1270 3484 ferendum.
1304 3419 1386 3484 Nam

167 3535 204 3594 ut
226 3530 370 3593 omittam
393 3519 542 3613 ἁρπάσαι
565 3521 687 3606 τύπους
709 3519 848 3615 (τέλους)
872 3529 985 3592 miram
1000 3549 1067 3592 esse
1089 3527 1281 3592 locutionem
1304 3546 1386 3606 quae

170 3659 209 3702 ne
232 3657 295 3701 uno
314 3635 442 3718 quidem
459 3636 601 3718 exemplo
618 3635 814 3710 defendatur,
837 3653 976 3717 quanam
997 3634 1137 3716 corporis
1159 3638 1251 3716 parte
1272 3651 1387 3714 pueros

170 3742 299 3806 verbera
322 3743 371 3806 vel
394 3748 486 3807 notas
516 3742 623 3824 potius
646 3741 811 3807 verberum
834 3741 992 3824 excepisse
1018 3745 1164 3823 putemus
1187 3738 1249 3802 nisi
1273 3741 1386 3818 tergo?

169 3847 254 3922 Quid
284 3848 383 3928 igitur
406 3847 546 3922 iuvabat,
573 3847 600 3912 si
630 3848 701 3930 quis
733 3855 873 3912 sescenta
903 3854 993 3928 tergo
1023 3867 1079 3910 suo
1102 3845 1266 3909 verborum
1294 3849 1387 3905 notas

170 3960 348 4036 exceperat,
377 3975 447 4018 cum
470 3961 527 4019 aut
549 3974 622 4018 raro
653 3959 709 4017 aut
731 3974 895 4034 nunquam
923 3951 1198 4036 conspicerentur?
1235 3949 1388 4044 Proiecto,

260 4204 279 4267 ¹)
300 4196 398 4253 Verum
418 4217 511 4268 pucros
530 4217 590 4254 voce
610 4195 698 4255 ἅλλα,-
717 4202 860 4268 significari
879 4202 917 4254 ita
935 4201 1040 4254 demum
1059 4201 1124 4253 satis
1143 4202 1193 4252 erit
1211 4199 1387 4266 maiiisestunr,

169 4289 191 4340 si
210 4289 352 4342 articulum
372 4295 428 4343 τοῖς
447 4287 586 4356 addideris,
606 4294 636 4343 ut
654 4290 843 4358 intellegantur·
861 4291 939 4342 ceteri
957 4289 1022 4356 (scil.
1042 4290 1133 4356 pueri).
