3236 4894
744 171 784 228 39

154 372 282 455 quidem
305 394 343 436 ex
375 373 415 438 iis
437 373 515 456 ipsis
539 396 621 458 quae
643 375 805 458 hucusque
828 374 868 438 de
890 373 1025 455 singulis
1048 373 1126 437 locis
1149 371 1283 437 disserui
1304 372 1375 435 ani-

153 479 349 544 madvertere
372 479 446 544 licet
468 501 533 544 non
549 481 590 546 ab
614 482 699 545 omni
722 487 814 564 parte
832 481 962 564 plenum
984 487 1081 563 atque
1103 479 1262 560 integrum
1284 478 1375 541 illum

155 585 246 652 nobis
270 585 424 649 traditum
447 606 522 651 esse.
568 587 699 652 Accedit
722 587 807 670 quod
836 594 867 651 et
896 587 930 650 in
954 586 1045 650 initio
1068 584 1169 648 libelli
1200 591 1231 648 et
1256 583 1290 647 in
1312 582 1375 646 fine

154 691 279 756 videtur
301 691 503 774 aliquantum
526 693 654 775 perisse.
706 693 789 758 Nam
812 715 876 774 qua
907 691 1127 756 coniunctione
1150 677 1260 776 (ἄλλα)
1291 710 1375 753 nuno

155 796 282 880 quidem
304 796 432 862 libellus
455 799 638 863 exordiatur
660 806 718 863 aut
739 799 894 882 incepisse
915 820 994 881 opus
1022 798 1123 860 ullum
1146 803 1203 860 aut
1235 796 1375 879 potuisse

153 903 293 987 incipere
315 901 509 969 confidenter
531 887 714 986 negamus.⁰
729 905 838 988 Neque
862 925 944 988 quae
966 903 1110 986 exempla
1132 901 1311 967 afferuntur
1332 900 1374 964 ab

155 1009 383 1091 interpretibus
400 1010 553 1074 eiusmodi
578 1017 652 1074 sunt
675 1017 711 1074 ut
734 1010 850 1075 adhoc
873 1010 1038 1074 exordium
1054 1010 1224 1091 quicquam
1240 1007 1376 1072 attinere

155 1115 329 1179 videantur.
387 1113 479 1192 Quod
513 1117 597 1181 enim
631 1116 739 1180 eodem
772 1117 866 1181 modo
899 1116 1075 1200 Hyperides
1111 1115 1287 1179 orationem
1317 1135 1375 1196 pro

155 1222 343 1312 Euxenippo
374 1221 537 1286 exorditur
560 1210 644 1308 (ἀλλ’
670 1218 792 1307 ἔγωγε),
823 1243 887 1288 non
911 1222 1044 1287 dubium
1067 1228 1114 1286 est
1145 1220 1223 1304 quin
1246 1220 1300 1283 ille
1323 1240 1377 1283 ex-

155 1335 256 1393 trema
279 1327 452 1392 adversarii
475 1327 647 1412 Polyeuoti,
672 1311 730 1411 qui
750 1329 842 1412 prior
862 1330 987 1393 locutus
1012 1333 1089 1403 erat,
1112 1326 1209 1390 rerba
1231 1345 1376 1409 respexe-

155 1435 208 1510 rit,
231 1433 263 1497 id
288 1433 373 1516 quod
396 1455 477 1516 quae
499 1442 675 1517 sequuntur
697 1435 792 1500 rerba
822 1429 857 1497 cri
879 1431 1027 1499 τοιαῖται
1050 1428 1248 1518 εἰσαγγελίαι
1274 1431 1374 1495 mani-

156 1539 269 1604 festum
293 1539 438 1604 reddunt.
473 1541 583 1622 Neque
597 1541 703 1604 minus
718 1540 939 1623 Xenophontis
956 1539 1150 1615 Conuiuium,
1167 1537 1251 1620 quod
1268 1537 1377 1601 eadem

85 1631 87 1636 ⁸
157 1644 316 1725 particula
338 1633 422 1729 (ἀλλ’
448 1642 545 1729 ἐμαί),
578 1653 635 1730 aut
659 1645 893 1722 Oeconomicus,
917 1647 972 1728 qui
996 1646 1141 1709 similiter
1165 1631 1301 1730 (ἤκουσα
1321 1639 1376 1726 ile')

158 1747 341 1825 incohatur,
378 1751 498 1813 frustra
530 1772 607 1814 cum.
635 1750 695 1814 hoc
728 1752 879 1832 opusculo
915 1755 1147 1833 comparantur.
1208 1749 1305 1827 Nam,
1340 1755 1377 1812 ut

158 1854 319 1933 Boeckhii‚
332 1854 357 1940 1)
390 1856 445 1938 qui
468 1864 552 1920 recte
573 1856 614 1919 iis
637 1855 675 1919 de
697 1855 813 1921 libellis
835 1856 1005 1932 iudicavit,
1028 1856 1132 1920 verbis
1154 1861 1236 1931 utar,
1258 1844 1377 1918 ‘Xeno-

157 1960 331 2042 phonteum
355 1962 554 2045 Symposium
583 1983 657 2045 pars
681 1969 729 2026 est
751 1963 855 2045 operis
878 1963 1000 2028 Socrati
1024 1960 1220 2026 defendendo
1244 1960 1376 2044 eiusque

159 2065 305 2130 universo
335 2068 419 2132 vitae
449 2069 555 2150 generi
586 2069 790 2152 moribusque
824 2069 1051 2134 adumbrandis
1086 2067 1211 2150 scripti,
1245 2066 1330 2149 quod
1359 2087 1379 2130 a

157 2171 418 2237 Memorabilibus
447 2173 601 2256 incipiens
633 2175 875 2240 Oeconomicum
904 2197 974 2240 cum
1007 2174 1158 2239 Convivio
1192 2173 1378 2256 complecte-

157 2265 272 2342 batur.'
318 2277 474 2355 Quoniam
497 2281 610 2360 igitur,
640 2282 725 2363 quod
760 2282 863 2364 ipsum
886 2281 977 2345 valde
999 2280 1210 2364 improbabile
1239 2286 1303 2354 est,
1326 2299 1380 2341 ex·

158 2489 261 2553 libelli
283 2488 421 2555 effecisse
445 2491 583 2567 initium,
607 2490 693 2555 haud
710 2497 826 2558 temere
848 2491 928 2555 mihi
950 2491 1053 2556 facere
1072 2491 1180 2556 videor
1197 2489 1282 2572 quod
1304 2497 1379 2553 ante

159 2596 216 2660 illa
238 2597 401 2660 evanuisse
424 2597 579 2662 nonnulla
595 2597 749 2662 contendo
774 2598 888 2680 quibus
911 2585 993 2660 ttae
1017 2596 1197 2661 coniunctio
1217 2594 1379 2659 commode

158 2702 382 2785 applicaretur.
434 2709 539 2786 Atque
566 2712 603 2769 ut
630 2705 766 2786 genuino
797 2704 926 2770 exordio
954 2705 1001 2769 ita
1029 2703 1150 2770 idonea
1178 2701 1379 2786 peroratione

159 2809 345 2889 opusculum
369 2815 462 2874 caret.
499 2809 644 2891 Namque
663 2809 878 2876 lienametrum
894 2832 1018 2876 versum
1041 2810 1096 2893 qui
1119 2809 1153 2872 in
1169 2806 1232 2874 fine
1253 2807 1379 2888 legatur

158 2903 232 2988 τοὺς
255 2909 529 2993 Λακεδαιμονίων
555 2915 701 2994 βασιλεῖς
727 2907 1016 3002 προτετιμήκασιν,
1047 2916 1099 2980 cui
1128 2921 1258 2998 propter
1285 2934 1380 2995 spon-

159 3016 252 3082 deum
268 3017 324 3098 qui
339 3023 386 3080 est
408 3017 442 3080 iu
457 3017 536 3099 pede
552 3019 664 3100 quinto
688 3020 882 3100 singularem
905 3022 1071 3102 gravitatis
1098 3022 1201 3086 inesse
1223 3018 1379 3083 imitatio-

160 3141 232 3183 nem
247 3120 453 3186 Naumannus
465 3122 490 3206 2)
507 3123 671 3205 opinatur,
694 3124 736 3189 ab
759 3125 828 3207 ipso
845 3146 912 3189 essa
931 3127 1142 3209 Xenophonte
1155 3127 1298 3192 consulto
1314 3125 1381 3190 for·

160 3231 281 3289 matum
304 3226 412 3291 credat
435 3229 491 3310 qui
505 3229 597 3293 volet.
636 3231 751 3294 Verum
766 3231 841 3294 licet
856 3229 1104 3314 Xenophonteus
1129 3233 1171 3297 sit
1193 3233 1248 3296 ille
1263 3252 1380 3307 versus,

160 3352 234 3396 casu
257 3333 367 3414 procul
389 3332 504 3409 dubi0,
532 3356 595 3399 nou
618 3335 750 3400 consilio
780 3343 909 3401 exortus
933 3343 996 3413 est,
1026 3338 1088 3401 nisi
1116 3337 1198 3402 forte
1220 3336 1326 3402 media
1346 3337 1381 3399 in

160 3437 306 3502 oratione
340 3438 425 3503 hunc
449 3439 634 3522 scriptorem
658 3443 801 3508 consulto
825 3464 933 3508 versus
964 3442 1094 3507 finxisse
1116 3443 1285 3527 putaveris.
1330 3443 1381 3506 An

162 3548 198 3606 tu
221 3544 278 3608 illa
310 3545 406 3610 uerba
433 3546 532 3610 totius
558 3548 702 3629 opusculi
731 3547 829 3614 fuisse
856 3556 997 3614 extrema
1025 3549 1207 3614 existimas?
1250 3547 1382 3611 Minime

160 3670 217 3713 nos
242 3650 384 3732 quidem,
418 3673 487 3716 cum
509 3653 666 3718 honorum
690 3655 772 3720 desit
794 3655 964 3738 descriptio
993 3655 1050 3738 qui
1078 3661 1204 3719 mortuo
1236 3654 1304 3736 regi
1327 3653 1381 3720 de-

160 3755 271 3820 stinati
294 3755 421 3822 fuerint.
466 3759 593 3823 Etenim
616 3761 643 3824 si
666 3761 747 3825 nihil
771 3769 913 3825 secutum
937 3769 1032 3838 esset,
1056 3784 1120 3828 non
1143 3761 1382 3842 intellegeretur

161 3860 238 3942 quid
268 3859 344 3948 τῇδε
365 3884 425 3927 vox
447 3865 507 3930 XV
527 3872 544 3928 9
568 3864 631 3929 sibi
653 3868 762 3944 vellet,
791 3888 886 3950 quam
910 3867 952 3932 ad
980 3869 1147 3951 sequentia
1170 3874 1312 3949 spectare
1334 3867 1382 3930 f-

251 4019 465 4086 ¹)Gesa1nmelte
488 4023 571 4076 kle'ine
597 4023 726 4078 Schriften
754 4025 801 4080 IV.
828 4043 852 4094 p.
874 4029 886 4080 1
908 4043 963 4095 sqq.
999 4029 1048 4095 (De
1067 4029 1203 4082 simultate
1230 4043 1296 4095 quae
1314 4027 1381 4081 inter

159 4106 296 4162 Platonem
316 4113 343 4162 et
360 4110 556 4178 Xenophontem
576 4113 750 4167 intercessisse
769 4114 871 4183 fertur).

248 4198 458 4266 hhcpffi
