3236 4894
841 178 883 237 40

253 386 313 451 olle
335 391 433 470 patet.
472 384 547 450 vivi
569 390 676 448 autem
699 384 783 465 regis
798 383 935 449 honores
957 383 1083 466 lougius
1099 391 1193 449 antea
1209 384 1371 468 explanati
1388 390 1476 461 sunt,

252 513 331 575 quos
355 491 432 556 satis
455 497 562 556 tamen
585 511 652 554 esse
674 489 770 554 exiles
801 490 869 572 ipse
889 490 1025 575 scriptor
1045 490 1163 554 fatetur
1192 493 1212 571 ξ
1236 499 1270 556 8:
1298 470 1393 554 αἶνον
1414 488 1479 572 μὲν

251 583 304 661 οὖν
327 592 361 662 αἳ
383 596 476 679 τιμαὶ
502 590 588 661 οἴκοι
610 593 704 674 ζῶναι
727 595 855 678 βασιλεῖ
878 594 1028 660 δέδονται
1053 583 1144 660 cirla'v
1165 620 1197 659 rr
1220 586 1305 660 πολὺ
1327 586 1474 683 ὑπερφέ-

252 722 365 790 ρουσαν
386 700 450 767 τῶν
473 698 656 766 ἰδιωτικῶν.
698 703 766 767 lam
788 724 861 767 vero
885 708 1009 766 mortuo
1032 703 1100 784 regi
1122 703 1312 767 constitutos
1328 702 1479 780 honorae,

251 831 330 893 quos
353 809 555 891 gravissimos
578 809 673 873 fuisse
696 829 860 892 paeneque
884 808 1007 873 divinos
1030 830 1068 874 cx
1083 812 1138 888 §9
1163 808 1348 885 concludas,
1377 809 1477 872 omis-

250 937 301 980 sos
330 936 397 980 esse
427 937 447 979 a
478 915 632 997 scriptore
661 917 829 998 putemus?
874 901 973 992 Qhem
1001 915 1109 996 quales
1137 913 1172 977 hi
1202 892 1310 979 essent
1337 913 1477 979 honores

250 1022 354 1105 ipsum
378 1021 540 1103 ignorasse
563 1042 626 1085 non
650 1026 697 1084 cst
719 1019 880 1086 credibile.
925 1020 1023 1103 Atqui
1047 1020 1127 1084 alias
1156 1019 1274 1102 ubique
1300 1041 1357 1102 per
1380 1021 1476 1087 libel-

250 1129 317 1192 lum
339 1127 445 1211 planis
467 1127 521 1191 ille
544 1126 646 1190 verbis
668 1148 748 1208 quac
771 1126 809 1190 de
825 1148 952 1209 quaque
973 1147 1008 1190 re
1030 1133 1087 1190 aut
1109 1125 1229 1190 sciehat
1252 1133 1309 1190 aut
1331 1126 1475 1210 suspica-

251 1235 348 1298 batur
379 1233 541 1315 exposuit,
571 1233 647 1315 quin
677 1232 970 1326 minimatnarrare
999 1254 1062 1297 non
1097 1231 1263 1297 dubitavit.
1309 1231 1355 1297 cf.
1379 1232 1426 1296 IX
1443 1240 1475 1298 5.

251 1338 314 1404 XII
330 1347 361 1402 4.
385 1340 446 1403 XV
464 1345 560 1401 4-6,
611 1336 694 1414 Quid
717 1339 817 1420 igitur
832 1324 894 1402 hoc'
916 1338 984 1403 loco
999 1338 1082 1401 mira
1097 1337 1175 1403 haec
1191 1338 1340 1403 omissio?
1371 1340 1473 1404 Immo

253 1467 324 1508 cum
348 1443 509 1528 praefatus
534 1450 616 1508 esset
637 1443 772 1526 scriptor
795 1443 855 1509 XV
875 1453 908 1508 1:
941 1435 1101 1526 βούλομαι
1129 1441 1165 1508 δὲ
1194 1442 1251 1508 καὶ
1279 1428 1318 1521 ἃς
1343 1445 1475 1527 βασιλεῖ

251 1542 335 1635 πρὸς
368 1540 424 1637 τὴν
459 1541 557 1612 πόλιν
594 1541 758 1636 ociciaco
793 1539 810 1612 ὃ
844 1547 1036 1634 Acaoiqyog
1070 1547 1204 1637 ἐποίησε
1238 1541 1471 1638 διηγήσασθαι,

251 1663 420 1740 postquam
444 1655 566 1720 minora
589 1655 757 1738 diligenter
779 1655 953 1731 enarravit,
982 1655 1129 1744 graviora
1157 1656 1285 1720 minime
1308 1658 1471 1736 conticuit,

251 1762 306 1828 sed
329 1762 507 1827 accuratius
537 1762 649 1844 utique
672 1762 728 1844 qui
759 1761 875 1827 mortui
904 1767 1015 1827 essent,
1035 1761 1119 1843 regis
1148 1762 1284 1827 honores
1315 1765 1470 1847 exposuit.

250 1869 288 1932 In
312 1890 349 1933 ea
371 1868 472 1950 igitur
496 1868 566 1951 ipsa
589 1889 623 1932 re
639 1867 778 1949 genuina
795 1867 918 1932 ridetur
941 1866 1042 1932 libelli
1064 1869 1224 1950 peroratio
1248 1876 1373 1934 versata
1396 1891 1473 1935 csse.

250 1993 333 2058 Nam
355 1993 441 2075 quod
463 1965 724 2076 c'wikliriskius1)
754 1991 940 2068 arbitratur,
962 1996 1126 2073 praetcrea
1148 1991 1269 2074 requiri
1292 1995 1473 2074 generalem

252 2098 413 2182 quandam
444 2099 637 2163 sententiam
671 2097 800 2162 exordio
823 2097 966 2173 similem,
995 2118 1059 2161 non
1087 2096 1258 2179 probatur,
1288 2100 1316 2162 si
1347 2100 1474 2181 quidem

251 2203 481 2287 Cyropaediam
495 2203 520 2286 2)
544 2223 772 2285 comparamus,
795 2223 876 2285 quae
892 2203 969 2266 olim
985 2201 1113 2285 quidem
1136 2211 1266 2268 narrata
1283 2205 1357 2289 Cyri
1372 2213 1474 2272 morte

190 2330 193 2336 ’
250 2309 346 2374 finem
368 2309 484 2374 habuit
506 2309 609 2373 verbis
638 2295 725 2372 ταῖν)
755 2299 858 2372 εἰπὼν
896 2306 952 2372 καὶ
983 2299 1109 2386 πάντας
1145 2301 1379 2392 δεξιωσάμενος
1401 2332 1474 2375 σνν-

250 2406 436 2501 εκαλνψανο
466 2411 522 2479 καὶ
552 2403 652 2491 cicccc
686 2405 882 2501 ἓνελείτηοεν
912 2414 1005 2500 (VIII
1024 2423 1051 2491 7,
1069 2413 1135 2499 28).
1185 2413 1330 2480 Ceterum
1364 2439 1473 2483 versus

251 2521 305 2585 ille
322 2543 414 2604 quem
438 2520 549 2586 laudat
566 2520 776 2585 Naumannus
792 2520 937 2585 heroicus
960 2542 1035 2584 num
1056 2521 1183 2604 abipso
1205 2522 1248 2586 sit
1262 2521 1471 2607 Xenophonte

250 2626 409 2711 profectus
437 2627 530 2691 valde
563 2626 755 2691 dubitamus.
801 2625 883 2689 Nam
915 2627 1065 2708 quoniam
1094 2626 1133 2690 de
1161 2626 1234 2692 aliis
1257 2650 1350 2710 quam
1371 2628 1466 2691 Lace-

251 2732 489 2797 daemoniorum
511 2731 639 2813 rcgibus
672 2753 761 2796 nemo
785 2731 936 2796 hocloco
960 2733 1094 2814 cogitat,
1126 2733 1253 2798 omnino
1283 2754 1464 2818 supervaca-

250 2860 344 2903 neum
358 2839 475 2921 vixque
497 2837 659 2902 ferendum
683 2843 730 2901 cst
753 2857 866 2901 nomen
883 2834 1168 2920 Λακεδαιμονίων,
1193 2861 1256 2921 quo
1279 2840 1380 2904 deleto
1400 2859 1469 2904 ner-

252 2967 320 3009 sum
344 2964 490 3008 corruere
513 2942 608 3007 vides.

339 3049 400 3115 Sed
416 3055 586 3131 utcumque
609 3070 647 3113 ea
663 3047 751 3112 dere
773 3047 904 3124 iudicas,
927 3049 987 3114 hoc
1011 3049 1149 3115 dilucide
1171 3058 1314 3133 apparet,
1337 3057 1369 3116 et
1384 3051 1474 3116 Nau-

250 3175 401 3219 mannum
424 3176 495 3218 oum
512 3154 593 3218 nihil
608 3155 642 3218 in
656 3154 776 3219 tradito
793 3155 1010 3220 commentarii
1026 3156 1138 3222 habitu
1154 3155 1336 3222 offensionis
1351 3157 1476 3223 videret

250 3266 282 3324 ct
303 3259 459 3325 Steinium
482 3260 567 3324 illius
582 3281 777 3326 assensorem
800 3282 913 3343 parurn
929 3268 1014 3326 recte
1038 3261 1076 3325 de
1099 3283 1135 3326 ec
1158 3262 1323 3327 iudicasse.
1360 3262 1474 3346 Neque

250 3357 351 3448 magis
374 3373 449 3430 sunt
470 3387 579 3430 verum
602 3367 738 3431 assecuti
768 3367 823 3449 qui
851 3366 936 3431 hunc
958 3368 1101 3433 libellum
1127 3389 1166 3432 ex
1188 3369 1308 3434 maiore
1333 3368 1474 3452 quodam

251 3493 344 3554 opere
374 3473 604 3555 Xenophonteo
639 3480 820 3554 excerptum
856 3494 922 3538 esse
955 3481 1130 3556 putarunt,
1164 3481 1200 3538 ut
1229 3474 1410 3559 Koechlyus
1440 3482 1474 3539 et

249 3577 476 3664 Ruestowusi)
498 3577 697 3662 Bergkiuqq
725 3579 902 3664 Cobetusss’)
921 3578 1137 3666 cyprianum).
1171 3581 1276 3664 Atque
1293 3581 1474 3665 Cyprianus

340 3773 359 3838 1)
379 3772 408 3824 n.
429 3774 569 3839 aphec

339 3860 359 3928 ἓ)
379 3859 464 3912 Huius
483 3860 614 3928 epilogum
635 3861 713 3927 (VIII
727 3863 754 3927 8)
773 3878 823 3914 non
842 3861 983 3928 genuinum
1003 3877 1058 3914 esso
1078 3861 1130 3915 vid.
1149 3879 1173 3930 p.
1194 3866 1227 3918 bl)
1246 3879 1301 3931 sqq.

338 3947 359 4012 8)
379 3946 534 4001 Geschichte
553 3947 597 4000 des
616 3949 712 4017 griech.
731 3949 924 4015 llriegswesens
945 3950 1025 4016 praef.
1045 3966 1069 4016 p.
1082 3950 1159 4003 Xlll.

338 4039 360 4100 ⁴)
379 4035 491 4104 Allgcm.
512 4037 651 4104 Euryclop.
672 4036 696 4090 d.
717 4037 757 4090 W.
777 4053 802 4089 u.
822 4037 854 4091 K.
874 4037 986 4090 LXXXI
1005 4053 1030 4104 p.
1047 4041 1107 4092 393.

340 4125 360 4188 ὖ)
380 4125 409 4177 L.
430 4140 449 4178 c.
469 4141 493 4192 p.
509 4127 568 4180 706.

339 4211 360 4281 6)
381 4218 448 4282 Περὶ
466 4212 522 4264 τῶν
539 4206 697 4278 Ἑλληνικῶν
714 4213 762 4264 τοῦ
781 4211 960 4282 Ξενοφῶντος.
979 4230 1004 4281 p.
1018 4215 1050 4267 91
1071 4229 1126 4281 sqq.
