3236 4894
838 251 877 308 56

246 451 275 520 ai
309 453 366 519 καὶ
404 453 456 519 νῦν
493 451 542 520 ἔτι
581 479 639 537 μοι
677 453 827 520 δοκοῦσιν
871 451 900 520 oi
948 448 1139 541 Λνκοίρμον
1183 445 1273 536 νόμον
1321 441 1468 540 ἆκίννμοι

247 559 424 643 διαμένειν,
463 558 558 625 τοῦτο
594 553 641 643 μα
680 549 737 625 Al'
778 551 835 625 oia
871 547 910 625 liv
947 557 992 625 ἔτι
1030 559 1182 646 θρασέως
1215 555 1360 640 εἴποιμι,
1405 558 1469 622 nisi

248 667 290 731 ad
306 688 414 732 omues
431 666 567 750 Lycurgi
591 666 677 748 leges
701 675 732 731 et
756 674 855 732 totam
880 667 1049 742 civitatem,
1072 667 1123 731 cui
1139 667 1233 730 datae
1248 672 1348 740 erant,
1372 663 1455 729 refer

246 781 310 849 tur,
345 753 409 837 nori
432 772 636 854 intellegitur.
682 772 763 837 Nam
787 773 866 837 alibi
889 774 973 855 leges
997 773 1071 838 illae
1094 773 1220 837 concuti
1242 792 1305 834 non
1322 777 1471 853 poterant

247 900 344 961 quam
375 879 409 941 in
436 878 756 943 Lacedaemoniorum
794 879 930 954 civitate,
964 879 996 942 in
1031 900 1095 961 qua
1118 879 1186 942 sola
1209 878 1366 941 valebant.
1409 876 1471 940 Sed

248 984 366 1048 nemini
400 991 447 1048 est
481 983 612 1048 dubium
646 984 723 1067 quin
759 1006 822 1048 non
857 985 895 1048 de
928 984 1205 1068 peregrinantibus
1231 984 1306 1046 solis
1341 982 1396 1046 sed
1430 982 1471 1044 de

247 1089 393 1154 omnibus
432 1089 690 1155 Lacedaemoniis
737 1097 890 1172 quantum
933 1091 1028 1155 etiam
1067 1099 1135 1154 turn
1171 1089 1256 1171 apud
1294 1110 1347 1152 eos
1385 1088 1471 1152 vale-

247 1201 304 1259 ant
325 1196 462 1279 Lycurgi
492 1196 577 1277 leges
600 1217 636 1260 eo
651 1196 734 1260 ·loco
758 1203 940 1278 quaeratur,
962 1196 995 1259 id
1021 1196 1105 1278 quod
1129 1196 1245 1258 clarius
1261 1195 1358 1259 etiam
1374 1215 1413 1256 ex
1428 1193 1472 1257 iis

248 1323 330 1384 quae
353 1309 530 1384 sequuntur
552 1303 661 1369 elucet.
693 1302 775 1366 Nam
790 1302 894 1367 verbis
919 1293 993 1366 nido
1017 1301 1075 1386 γὰρ
1098 1292 1254 1386 πρόαρον
1275 1297 1335 1382 μὲν
1351 1303 1470 1364 Λακε-

248 1403 434 1489 δαιμονίους
466 1403 673 1493 αἱρουμένοις
695 1402 781 1472 οἴκοι
805 1400 845 1471 τὰ
867 1407 983 1493 μέτρια
1007 1405 1136 1488 ignisne
1158 1395 1307 1494 αλλήλοις
1331 1408 1469 1468 σονεῖναι

245 1511 367 1594 μᾶλλον
388 1501 407 1576 3!
429 1503 625 1599 ἁρμόζοντας
648 1506 910 1590 invulgabant
940 1512 994 1577 καὶ
1016 1512 1285 1593 actuumque-'nors
1308 1507 1470 1598 διαφθεί-

248 1624 367 1704 ρεσθαι
390 1619 467 1684 olim
488 1620 615 1701 quidem
631 1618 874 1684 Lacedaemonii
890 1621 1039 1684 maluisse
1062 1621 1211 1684 dicuntur
1233 1619 1319 1682 domi
1341 1638 1473 1680 manere

247 1747 344 1808 <liram
365 1725 561 1808 peregrinari
585 1728 746 1808 vitamque
768 1747 862 1808 agere
875 1726 1088 1802 luxuriosam3
1113 1725 1353 1788 Lacedaemonii
1371 1724 1472 1806 igitur

247 1853 354 1896 omnes
377 1831 659 1914 reprehenduntur,
683 1853 747 1896 non
772 1833 832 1896 soli
855 1831 1044 1896 harmostae.
1077 1831 1188 1913 Neque
1211 1830 1471 1913 veroquisquam

247 1959 310 2002 non
343 1937 429 2001 videt
459 1924 572 2014 αὐτούς
602 1958 776 2021 pronomen
806 1938 892 2020 quod
915 1938 1031 2020 legitur
1053 1941 1072 2017 ξ
1096 1945 1114 2000 3
1139 1936 1315 2000 necessario
1338 1956 1405 2000 esse
1425 1935 1472 1999 ad

248 2039 532 2124 Λακεδαιμονίους
553 2045 587 2128 (ξ
612 2043 644 2128 2)
667 2043 882 2121 referendum3
917 2064 1015 2125 quare
1043 2047 1062 2123 ξ
1087 2051 1104 2106 3
1129 2042 1216 2106 haud
1244 2042 1348 2105 minus
1372 2062 1471 2123 quarn

246 2157 341 2213 antea
376 2149 515 2212 universi
538 2149 779 2213 Lacedaemonii
809 2148 1037 2230 significantur.
1084 2149 1203 2212 Contra
1232 2148 1359 2230 quidem
1389 2146 1472 2210 dicit

248 2254 386 2318 Steinius
409 2255 673 2337 vituperationem
697 2256 929 2338 Spartanorum
952 2276 1030 2319 auro
1057 2255 1142 2337 quod
1157 2255 1343 2337 possideant
1358 2275 1472 2335 super-

248 2359 403 2424 bientium
425 2381 488 2424 non
511 2361 553 2425 ad
575 2360 749 2444 Spartanos
773 2362 828 2445 qui
852 2362 936 2426 domi
959 2361 1014 2425 sed
1038 2361 1094 2444 qui
1116 2382 1246 2443 peregre
1270 2367 1374 2424 essent
1396 2380 1472 2442 per-

248 2465 349 2530 tinere
364 2466 413 2530 vel
436 2487 471 2530 eo
488 2466 630 2548 intellegi
647 2467 731 2549 quod
748 2468 905 2533 sententia
921 2464 974 2530 aui
1000 2458 1150 2553 πρόσθεν
1171 2464 1230 2547 μὲν
1255 2457 1330 2528 cido
1353 2452 1444 2528 aizoi
1453 2489 1472 2541 ς

248 2569 466 2659 φοβουμένους
486 2568 615 2656 χρυσίον
643 2569 772 2652 ἔχοντας
795 2569 983 2660 φαίνεσθαι,
1008 2571 1060 2636 riv
1075 2560 1104 2636 δ’
1123 2568 1210 2636 a'ir‘rrv
1233 2557 1288 2649 oiig
1310 2569 1366 2634 καὶ
1388 2569 1470 2634 καλ-

248 2675 490 2760 λωπιζομένους
513 2675 572 2741 ἐπὶ
595 2676 641 2763 aqi
665 2677 845 2766 κεκτῆσθαι
869 2680 993 2744 duobus
1017 2679 1191 2743 enuntiatis
1213 2679 1402 2760 interposita
1425 2678 1471 2740 sit

248 2784 281 2848 in
305 2785 420 2867 quibus
444 2784 483 2848 de
505 2785 691 2867 arrogantia
715 2791 746 2849 et
767 2785 896 2849 licentia
918 2785 1082 2849 luxuriosa
1104 2785 1339 2848 harmostarum
1364 2803 1469 2846 sermo
1495 2809 1504 2820 ·

248 2891 306 2968 sit3
329 2890 471 2954 ordinem
495 2889 595 2972 igitur
620 2891 847 2955 sententiarum
872 2913 891 2954 a
914 2912 992 2954 sana
1016 2891 1140 2955 ratione
1163 2889 1344 2964 abhorrere,
1368 2889 1394 2952 si
1410 2889 1470 2953 illa

249 2996 345 3060 verba
372 2998 414 3062 ad
437 2998 612 3080 Spartanos
641 2996 727 3060 domi
750 2996 898 3078 degentes
921 3002 1071 3080 spectent.
1117 2995 1177 3060 Sed
1200 2995 1278 3059 haec
1301 3016 1471 3076 argumen-

247 3102 328 3166 tatio
351 3111 460 3185 aperte
481 3102 563 3166 falsa
586 3109 640 3168 est.
686 3102 797 3186 Neque
818 3103 902 3166 enim
924 3108 980 3166 aut
1004 3124 1085 3185 quae
1111 3105 1164 3182 §2
1190 3101 1380 3165 antecedunt
1400 3100 1470 3164 illis

248 3207 351 3272 verbis
374 3210 408 3292 (ἓ
425 3209 460 3294 3)
482 3215 538 3274 aut
562 3231 645 3292 quae
667 3216 843 3293 sequuntur
865 3213 920 3289 §4
945 3209 984 3273 de
1006 3209 1082 3271 solis
1105 3213 1180 3271 sunt
1200 3206 1371 3271 harmostis
1387 3207 1473 3270 acci-

248 3313 374 3397 pienda.
421 3314 506 3390 Quid
538 3316 622 3381 enim
656 3313 826 3402 ξενηλαοία
854 3320 915 3396 §4
947 3313 988 3377 ad
1021 3314 1221 3378 harmostas?
1266 3312 1377 3396 Neque
1407 3313 1471 3395 ipsi

249 3419 430 3484 harmostae
452 3424 471 3500 ξ
495 3429 513 3484 2
549 3420 698 3485 dicuntur
728 3421 832 3504 priore
860 3429 1000 3503 tempore
1028 3419 1178 3484 maluisse
1207 3419 1292 3482 domi
1322 3419 1405 3483 inter
1437 3440 1471 3482 se

249 3525 476 3591 consuetudine
503 3525 552 3589 uti
576 3548 672 3608 quam
700 3525 734 3588 in
756 3527 931 3608 peregrinis
954 3525 1137 3590 civitatibus
1160 3524 1328 3608 imperium
1351 3524 1470 3589 habere

249 3633 304 3697 sed
327 3630 596 3697 Lacedaemonii(
629 3631 697 3696 Iam
719 3640 755 3696 ut
777 3635 817 3712 ἐξ
841 3640 924 3695 1-4
947 3633 994 3696 ita
1016 3636 1055 3714 §S
1080 3639 1174 3707 54,
1203 3631 1258 3695 ubi
1282 3631 1321 3695 de
1343 3630 1471 3712 imperii

248 3738 424 3822 cupiditate
447 3745 479 3803 et
501 3738 540 3801 de
563 3738 796 3803 existimatione
818 3759 914 3820 quam
929 3737 1014 3820 apud
1026 3739 1165 3821 reliquos
1178 3737 1317 3803 Graecos
1328 3735 1471 3800 habeant

201 3889 210 3908 s
249 3866 351 3909 sermo
383 3850 441 3921 est,
476 3843 539 3908 nisi
573 3844 612 3907 do
641 3845 796 3908 universis
828 3844 1086 3910 Lacedaemoniis
1119 3845 1261 3926 intellegi
1295 3851 1468 3928 nequeunt.

249 3951 363 4033 ltaque
386 3952 506 4014 frustra
529 3950 667 4015 Steinius
690 3972 758 4034 cap.
774 3951 851 4016 XIV
875 3951 916 4014 ad
940 3950 1023 4014 solos
1042 3957 1184 4032 spectare
1200 3949 1378 4014 harmostas
1394 3971 1470 4014 con-

248 4056 368 4134 tendit;
392 4047 468 4120 uani
489 4056 641 4132 avaritia.
657 4057 883 4139 peregrinandi
899 4055 1048 4131 studium,
1070 4076 1172 4119 mores
1188 4055 1332 4129 relaxati,
1355 4057 1467 4119 immo·

248 4161 320 4226 dica
342 4162 548 4246 imperitandi
571 4163 672 4228 libido
697 4184 760 4226 non
783 4163 859 4227 solis
881 4162 1053 4226 harmostis
1069 4161 1123 4226 sed
1140 4161 1286 4226 omnibus
1303 4161 1468 4243 Spartanis

248 4269 439 4351 generaliter
466 4268 675 4334 obiectantur.
720 4272 790 4336 Iam
812 4290 885 4332 vero
906 4269 1002 4333 iidem
1024 4269 1058 4332 iu
1079 4289 1168 4352 capp.
1189 4266 1405 4351 superioribus
1427 4267 1468 4331 ob
