3236 4894
741 245 782 303 59

659 329 871 338 ...—

157 447 288 512 Athenis
312 449 500 531 expugnatis
522 449 555 512 in
579 448 645 514 dics
669 456 825 515 auxerant
847 449 1089 513 Lacedaemonii
1112 447 1280 530 imperium
1302 447 1374 530 ipsa

153 555 213 618 illa
235 576 320 637 pace,
345 576 409 636 qua
431 575 538 619 omues
561 555 704 620 civitates
727 564 763 620 ut
783 555 903 620 liberae
926 564 1029 620 essent
1044 556 1203 621 decretum
1220 561 1276 618 est.
1312 554 1373 619 Sed
1441 597 1444 605 ι

154 660 376 725 iusiurandum
407 661 554 744 legesque
582 662 670 745 pacis
701 662 783 726 nihil
806 669 952 726 curantes
983 662 1080 744 paulo
1108 668 1182 744 post
1203 660 1372 743 pristinam

153 767 202 830 illi
237 767 413 848 potentiam
445 789 632 852 recuperare
666 768 857 833 studuerunt
890 789 987 851 reque
1017 789 1092 833 vera
1122 767 1218 851 primi
1240 772 1374 831 conatus

155 873 344 938 restituendi
366 874 490 957 imperii
514 895 662 957 prospere
686 875 726 938 iis
747 880 916 939 cesserunt.
951 874 1031 938 Tum
1053 895 1126 939 vero
1152 873 1269 938 bellum
1292 872 1374 935 The-

122 1032 130 1050 .
156 981 417 1068 banumlexarsit
439 981 621 1062 multaeque
651 981 743 1046 urbes
767 981 920 1045 Graeciae
947 987 1059 1046 contra
1087 980 1255 1044 immodica
1278 979 1376 1062 Spar·

155 1094 303 1150 tenorum
334 1085 440 1150 studia
468 1087 729 1164 coniuraverunt,
753 1088 818 1151 scil.
848 1084 906 1150 ἐπὶ
935 1078 973 1150 τὸ
996 1078 1186 1150 διακωλύειν
1207 1077 1252 1172 με)
1274 1076 1377 1148 πάλιν

155 1178 250 1276 ἔρξαι
285 1178 406 1268 adroic.
461 1191 553 1256 Circa
587 1191 665 1257 haec
698 1193 798 1275 igitur
831 1202 975 1276 tempora
1009 1215 1076 1276 cap.
1111 1191 1188 1256 XIV
1223 1191 1376 1274 scriptum

156 1298 287 1362 videtur.
325 1297 387 1362 Sed
408 1300 590 1362 accuratius
613 1298 755 1392 forsitan⁶
771 1307 896 1382 tempus
919 1299 1124 1364 determinari
1145 1299 1255 1381 possit.
1293 1297 1375 1362 Nam

156 1427 184 1468 a.
203 1413 265 1468 378
284 1404 492 1468 Athenienses
515 1425 586 1468 cum
603 1404 779 1488 Sphodriae
795 1405 945 1488 Spartani
962 1405 1164 1470 temerarium
1179 1405 1213 1468 iu
1229 1405 1376 1468 Piraeum

155 1512 307 1594 impetum
342 1510 539 1586 reiecissent‚
574 1511 616 1576 ad
652 1512 875 1576 vindicandam
910 1512 1103 1577 Graecorum
1135 1511 1316 1576 libertatem
1345 1518 1379 1575 et

155 1618 337 1681 societatem
359 1617 501 1681 inierunt
523 1639 594 1680 cum
617 1617 776 1682 Thebanis
799 1624 831 1682 et
854 1619 1023 1700 pristinum
1046 1618 1127 1681 illud
1146 1617 1257 1682 foedus
1278 1616 1377 1680 mari-

154 1724 267 1787 timum
295 1731 497 1787 renovarunt.
515 1725 540 1807 1)
592 1722 712 1799 Quodsi
741 1723 988 1788 consideraveris
1014 1724 1111 1787 verba
1140 1723 1234 1787 huius
1262 1723 1378 1805 capitis

156 1833 175 1910 ξ
199 1837 216 1892 6
240 1827 292 1891 νῖν
314 1826 350 1892 da*
373 1827 492 1892 πολλοὶ
516 1852 544 1892 κ.
569 1853 596 1892 τ.
621 1828 660 1907 l,
684 1851 766 1912 quae
795 1830 837 1894 ad
868 1832 1034 1894 coniuncta
1063 1829 1141 1892 haec
1168 1829 1376 1911 propulsandi

157 1935 476 1999 Lacedaemoniorum
505 1936 630 2018 imperii
659 1937 766 2000 studia
794 1937 904 2018 procul
937 1935 1035 1999 dubio
1058 1941 1210 2018 spectant,
1243 1934 1378 1997 nonita

156 2039 364 2123 improbabile
386 2041 544 2106 videbitur
572 2050 628 2106 aut
650 2043 718 2125 ipso
741 2063 825 2107 anno
849 2051 913 2108 378
937 2047 993 2106 aut
1015 2042 1111 2125 paulo
1134 2048 1206 2123 post
1228 2038 1378 2104 essehoc

155 2153 252 2229 caput
274 2148 489 2229 compositum.
507 2148 532 2232 2)
556 2147 643 2223 Quae
670 2169 741 2212 cum
764 2149 811 2212 ita
833 2149 908 2223 sint,
932 2148 1043 2212 cadere
1065 2147 1152 2211 vides
1175 2166 1283 2211 eorum
1307 2166 1377 2209 seu-

156 2254 288 2318 tentiam
323 2253 376 2336 qui
406 2275 426 2316 a
454 2253 590 2335 quodam
621 2255 805 2336 posterioris
835 2255 949 2319 aetatis
983 2254 1111 2318 homine
1133 2252 1193 2316 hoc
1217 2258 1314 2335 caput
1335 2251 1378 2315 ad

155 2359 342 2424 minuendas
367 2359 600 2442 Spartiatarum
625 2359 735 2424 laudes
761 2361 972 2442 conscriptum
996 2360 1203 2441 additumque
1226 2379 1294 2422 esse
1309 2357 1379 2440 opi-

155 2473 284 2529 nantur.
329 2465 440 2540 Nobis,
463 2480 615 2546 quantum
645 2486 682 2530 ex
705 2467 857 2549 temporis
888 2488 968 2548 quae
991 2465 1132 2530 continet
1153 2464 1280 2528 indiciis
1304 2485 1379 2528 cou-

155 2572 309 2635 iecturam
338 2570 441 2635 facere
469 2572 552 2646 lieet,
586 2572 753 2654 antiquum
780 2572 861 2636 illud
894 2593 961 2637 esse
984 2578 1108 2634 constat
1130 2576 1161 2634 et
1184 2568 1378 2651 Xenophon-

154 2685 240 2741 teum
271 2697 338 2742 esse
366 2678 432 2742 veri
460 2667 655 2741 simillimum
686 2678 818 2742 videtur.
872 2677 981 2761 Neque
1010 2685 1116 2742 tamen
1144 2675 1334 2740 Naumauno
1350 2672 1379 2758 3)

154 2784 197 2847 ab
218 2783 301 2847 omui
324 2789 416 2865 parte
439 2784 638 2858 assentimur,
666 2784 720 2866 qui
744 2785 847 2866 ipsum
871 2785 1056 2867 scriptorem
1079 2782 1140 2846 hoc
1162 2789 1260 2864 caput
1282 2801 1378 2863 opus-

154 2890 226 2953 culo
244 2910 299 2952 suo
315 2897 425 2971 postea
441 2888 641 2953 subiunxisse
656 2896 763 2972 putat;
780 2912 854 2953 nam
870 2889 911 2954 ab
930 2889 1037 2954 eodem
1051 2889 1205 2970 scriptore
1222 2888 1256 2949 iu
1270 2887 1380 2951 eodem

155 2995 305 3076 opusculo
329 2994 367 3058 de
389 2995 498 3059 eadem
520 3016 555 3058 re
578 3003 643 3059 tam
664 2995 789 3060 diversa
811 2995 882 3059 fieri
904 2995 1023 3060 iudicia
1046 2996 1124 3059 satis
1147 2994 1263 3057 mirum
1286 2999 1379 3056 esset.

156 3099 276 3182 Utique
300 3109 469 3182 autequam
492 3101 598 3184 ederet
620 3101 761 3165 libellum
785 3101 864 3165 haec
886 3102 953 3184 ipse
969 3100 1146 3183 Xenophon
1170 3121 1233 3164 non
1249 3098 1377 3164 addidit

246 3350 265 3415 ¹)
284 3347 324 3401 cf.
344 3346 415 3402 Plut.
435 3347 522 3416 Pelop.
541 3348 592 3400 XV
611 3353 639 3399 ἐκ
657 3346 753 3401 τούτου
778 3349 841 3416 (scil.
864 3349 1010 3417 Sphodriae
1034 3347 1148 3401 facinore
1167 3348 1276 3412 irritati)
1296 3345 1383 3399 πάλιν

153 3433 354 3505 προθυμότατα
375 3431 518 3500 Ἀθηιαῖοι
536 3442 591 3491 τοῖς
611 3441 740 3504 Θηβαῖοι,1
759 3434 928 3504 συνεμάχουν
946 3442 990 3488 καὶ
1011 3436 1059 3502 τῆς
1078 3434 1223 3500 θαλάσσης
1243 3429 1378 3504 αἰτελαμ-

153 3522 276 3592 βάνοντο
293 3532 336 3576 καὶ
355 3521 502 3598 περιϊόντες
515 3523 641 3594 ἐδέχοντο
652 3531 697 3576 καὶ
715 3523 886 3596 προσήγοντο
903 3520 967 3580 τοὺς
979 3519 1166 3579 ἀποστατικῶς
1179 3525 1235 3575 τιῦν
1246 3518 1381 3587 Ἑλλήνιον

155 3621 274 3681 ἔχοντας,
306 3615 384 3668 Isocr.
404 3614 468 3666 XIV
487 3617 537 3668 301
564 3613 608 3680 cd,
627 3614 691 3667 Xon.
712 3614 780 3667 Hell.
800 3615 823 3666 V
842 3616 867 3680 4,
886 3616 937 3683 34,
974 3616 1085 3682 denique
1108 3612 1213 3666 Diodor.
1231 3611 1281 3664 XV
1301 3614 1381 3678 28,2

155 3696 295 3767 Ἀθηναῖοι
314 3701 344 3754 δέ·
362 3708 488 3772 πρέσβεις
506 3697 566 3756 τοι),1
585 3696 812 3773 ἀξιολογωτάτους
830 3703 886 3753 τιῦν
897 3696 961 3772 τταρἸ
982 3696 1071 3756 αὐτοῖς
1090 3700 1246 3770 ἐξέπεμψαν
1265 3703 1309 3751 έττὶ
1328 3694 1379 3753 τὰς

154 3783 208 3842 ὑπὸ
234 3785 295 3845 robe
324 3789 556 3858 Λακεδαιμονίους
588 3797 752 3862 τεταγμένας
784 3789 872 3845 πόλεις
898 3789 1113 3860 παρακαλοῦντες
1141 3783 1310 3856 (ἱντέχεσθαι
1332 3787 1382 3852 τῆς

154 3878 246 3943 κοινῆς
270 3876 424 3948 έλενθεριίις
452 3883 478 3931 et
501 3878 596 3932 ibidem
616 3879 631 3944 ἓ
651 3883 667 3933 3
692 3873 734 3929 αἰεὶ
758 3877 788 3931 δέ
813 3877 915 3947 μᾶλλον
940 3872 1087 3946 αὐξομένης
1110 3877 1157 3944 τῆς
1175 3877 1230 3928 τῶν
1248 3869 1383 3941 Ἑλλήνιον

155 3958 241 4036 ὁρμῆς
259 3965 355 4019 πολλαὶ
373 3965 461 4021 πόλεις
479 3967 653 4036 προσέθεντο
670 3973 725 4021 τοῖοΙ
741 3960 904 4031 Ἀθηναίοις.

246 4059 267 4118 ²)
286 4055 360 4108 Anno
379 4058 431 4111 378
450 4072 505 4123 cap.
524 4055 589 4106 XlV
614 4056 741 4122 scriptum
766 4071 820 4108 esse
846 4055 946 4122 primus
965 4055 1031 4108 vidit
1049 4054 1202 4107 Nilzschius
1226 4039 1307 4120 (llbor
1335 4051 1379 4104 die

156 4143 218 4196 Abs.
237 4160 287 4197 von
305 4143 423 4212 Xenoph.
442 4143 583 4197 Hellenica.
601 4143 672 4197 Berl.
692 4145 770 4211 1871)
789 4147 815 4196 et
833 4148 892 4211 post
910 4160 969 4196 eum
988 4143 1161 4196 Naurnannus
1175 4141 1191 4195 l.
1202 4157 1222 4196 c.
1233 4158 1258 4209 p.
1278 4143 1311 4194 22
1322 4157 1380 4208 sqq.

155 4230 242 4284 fusius
260 4233 387 4301 exposuit.

247 4324 267 4390 3)
287 4321 316 4376 L.
336 4337 355 4374 c.
375 4338 400 4389 p.
422 4323 454 4376 18
474 4337 510 4388 sq.
531 4325 557 4373 et
576 4323 618 4375 62.
