3236 4894
743 200 780 254 13

148 392 207 462 i'co
236 397 295 482 μὲν
326 397 436 486 φέρειν
465 395 511 476 εἰς
540 407 581 463 τα
612 393 798 488 ἐπιτήδεια,
835 391 955 484 ὁμοίιος
975 399 1021 469 ,δὲ
1053 399 1249 466 διαιτᾶσθαι
1271 396 1374 482 τάξας

151 501 286 592 ἐποίησε
300 497 345 592 μὴ
361 496 568 591 ἡδυπαθείας
584 502 675 570 ἕνεκα
697 499 865 594 χρημάτων
887 495 1077 593 δρέγεσθαις
1105 507 1187 572 Nam
1203 509 1299 573 verba
1314 504 1371 572 ἴσα

149 609 259 698 φέρειν
279 607 327 688 εἰς
341 603 382 675 roi
406 603 576 698 ἐπιτήδεια
592 613 659 677 sine
675 613 772 677 dubio
788 614 829 678 ad
845 615 966 678 tributa
982 615 1156 697 respiciunt
1172 636 1254 697 quae
1269 617 1373 678 omni-

154 718 213 782 bus
231 718 397 801 Spartanis
420 717 461 782 ad
484 719 704 784 instruendam
720 732 836 784 cenam¹
850 741 1043 783 communem
1059 721 1247 785 conferenda
1270 730 1370 786 erant.

242 823 354 907 ltaque
376 831 450 906 post
472 819 644 908 γίγνεσθαι
673 825 802 890 verbum
825 827 944 909 perisse
971 826 1132 908 complura
1155 827 1373 891 existimamus

153 930 269 1012 quibus
300 931 437 994 breviter
470 931 604 994 fortasse
637 938 803 996 narratum
833 939 915 996 esset
946 932 1024 1014 quid
1054 931 1093 996 de
1121 934 1266 1015 paranda
1294 955 1372 997 cena

153 1035 282 1118 publica
304 1035 469 1116 legislator
498 1043 529 1100 et
552 1036 781 1102 decollatione
811 1037 952 1102 omnium
979 1039 1204 1103 constituisset.
1251 1039 1374 1102 Deinde

151 1162 282 1224 prorsus
312 1147 385 1224 apte
416 1143 630 1224 sequebantur
659 1143 755 1207 verba
786 1134 894 1212 πολλὰ
925 1141 1040 1207 δὲκαὶ
1069 1167 1098 1206 κ.
1123 1167 1150 1206 τ.
1174 1143 1220 1222 t,
1253 1145 1374 1209 scilicet

150 1254 278 1329 praeter
300 1269 337 1311 ea
360 1269 440 1330 quae
462 1249 659 1332 praescripta
688 1250 752 1313 sint
775 1250 870 1313 etiam
893 1238 1047 1331 praedam*
1067 1251 1242 1314 venaticam
1264 1272 1283 1314 a
1306 1250 1372 1314 sin-

151 1353 234 1434 gulis
258 1354 384 1436 saepius
409 1353 566 1430 exhiberi3
595 1355 709 1418 divites
732 1363 838 1419 autem
868 1377 927 1438 pro
958 1377 995 1419 ea
1024 1377 1252 1438 nonnunquam
1275 1357 1371 1420 etiam

150 1480 265 1540 panem
288 1460 447 1523 triticeum
471 1481 637 1543 apponere.
651 1462 677 1545 1)

363 1619 409 1684 VI
444 1627 471 1681 2.

241 1732 316 1806 ὅταν
339 1741 376 1807 δέ
398 1766 449 1818 τις
465 1738 535 1829 εἰδῇ
558 1731 608 1806 δτι
631 1759 718 1806 ατται
735 1742 874 1828 πατέρες
894 1738 957 1807 εἶσὶ
980 1741 1044 1807 τῶν
1059 1741 1189 1808 παίδων
1212 1725 1254 1806 ὧν
1277 1733 1374 1821 αδτδς

149 1871 246 1935 αρχει,
271 1836 392 1934 ἀνάγκη
422 1836 521 1924 odron
549 1835 654 1934 δρχειν
684 1838 795 1933 ὥσπερ
823 1837 861 1912 δν
890 1848 945 1912 καὶ
974 1847 1038 1913 τῶν
1070 1845 1182 1913 ἑαυτοῦ
1210 1836 1369 1935 δίρχεσδαι

149 1945 308 2037 βούλοιτο.

240 2059 396 2124 Weiskius
420 2066 451 2124 et
467 2060 675 2126 Schneiderus
697 2061 899 2124 consentiunt
922 2042 1009 2124 οὗτοι
1032 2082 1205 2143 pronomen
1229 2068 1371 2145 spectare

150 2165 191 2230 ad
208 2167 364 2284 superius
377 2165 570 2229 mollirent
536 2171 570 2230 at
573 2189 633 2248 que
648 2166 802 2249 apodosin
819 2183 914 2248 quam
931 2173 1045 2230 vocant
1069 2167 1207 2250 incipere
1230 2169 1371 2233 averbis

150 2297 193 2390 ων
221 2261 315 2348 αὐτὸς
343 2259 446 2394 δερχίει,
476 2278 512 2336 ut
533 2273 629 2354 plena
652 2273 694 2336 sit
716 2273 794 2336 haec
817 2273 935 2337 oratio:
968 2262 1044 2336 ὅταν
1074 2271 1111 2337 δέ
1140 2298 1190 2350 τις
1220 2264 1329 2362 εἰδῇ
1320 2262 1370 2338 ότι

149 2359 238 2440 οὗτοι
268 2377 348 2463 (scil.
374 2371 404 2440 ol
426 2376 577 2464 πολῖται)
606 2375 745 2464 πατέρες
772 2373 837 2441 εἰσί
865 2374 1088 2456 admonitor,
1127 2367 1248 2496 αναίγκη
1269 2369 1371 2466 (cirri

149 2481 250 2567 ἐστιν)
282 2468 434 2559 οἵτως”
412 2505 519 2567 αρχειν
549 2480 677 2547 ἐκείνων
708 2465 751 2546 ὧν
780 2471 925 2560 αίτδς”
903 2507 991 2570 αρχει
1023 2465 1184 2570 dr'urrrp'x
1162 2509 1201 2548 αν
1235 2508 1264 2548 κ.
1289 2502 1320 2548 τ.
1340 2485 1371 2549 λ.

147 2590 207 2656 Sed
231 2578 368 2653 verba⁰
351 2612 426 2653 οταν
449 2586 487 2652 δέ
508 2611 559 2666 τις
580 2585 685 2677 nupt
672 2591 768 2654 talem
791 2591 881 2672 sequi
898 2591 1194 2655 rationemnecesse
1218 2599 1265 2656 est
1289 2614 1371 2674 quae

147 2718 210 2759 non
233 2697 407 2760 communis
437 2697 478 2760 sit
501 2696 555 2760 sed
578 2696 900 2760 Lacedaemoniorum
928 2699 1060 2779 propria
1091 2703 1122 2761 et
1151 2697 1193 2760 ad
1216 2699 1370 2778 regendos

147 2823 255 2866 eorum
278 2802 394 2866 liberos
415 2801 620 2885 peculiariter
642 2801 809 2884 pertineat.
845 2805 887 2867 At
917 2803 1078 2885 seqnitur:
1106 2792 1200 2867 ‘cives
1223 2825 1290 2867 esse
1313 2825 1372 2885 pa-

148 2913 212 2970 tres
246 2895 450 2992 liberornm'.;
485 2908 576 2990 quasi
610 2928 683 2972 vero
706 2909 739 2971 in
763 2909 835 2972 aliis
858 2909 1041 2972 civitatibus
1063 2908 1236 3004 liberorum
1262 2916 1371 2990 patres

137 3032 212 3074 ‚non
241 3013 316 3076 item
347 3013 429 3076 cives
462 3014 535 3076 sint.
593 3013 675 3078 Sane
705 3015 872 3078 voluerunt
902 3014 951 3078 illi
981 3015 1169 3098 interpretes
1204 3015 1370 3079 verborum
1462 3053 1464 3058 ·

147 3107 241 3182 ‘cives
264 3140 330 3182 esse
353 3126 459 3200 patres
483 3105 665 3183 liberorum'
694 3140 763 3182 eam
787 3140 853 3183 esse
880 3121 1069 3184 sententiam
1097 3127 1132 3184 ut
1156 3142 1263 3184 ornnes
1286 3122 1371 3186 cives
1452 3123 1455 3132 ’

137 3224 182 3300 ἱία
206 3245 312 3288 omnes
335 3223 452 3288 habere
481 3224 599 3288 liberos
629 3225 730 3307 patris
759 3225 981 3289 auctoritatem
1011 3226 1172 3304 dicantur;
1202 3233 1245 3304 at,
1268 3249 1371 3309 quan-

147 3335 215 3394 tum
239 3351 295 3394 nos
319 3330 470 3407 videmus,
505 3350 542 3393 re
563 3351 636 3394 vera
659 3330 733 3394 talis
757 3330 914 3394 sententia
944 3332 978 3397 in
1000 3331 1040 3395 iis
1062 3333 1166 3397 verbis
1190 3355 1254 3397 non
1276 3334 1368 3396 inest.

147 3435 256 3518 Neque
279 3436 439 3500 commode
468 3436 617 3519 apodosis
646 3436 719 3501 inde
754 3458 774 3499 a
797 3437 900 3501 verbis
922 3418 973 3510 ,ὧν
995 3424 1090 3514 αδτδς
1112 3423 1200 3523 ίίρχει
1230 3439 1370 3521 incipere

147 3549 260 3624 potest,
283 3565 357 3607 cnm·
375 3549 406 3606 et
429 3543 586 3607 sententia
616 3548 647 3606 et
669 3549 828 3606 structura
857 3543 1014 3607 enuntiati
1043 3545 1205 3625 postulent
1232 3550 1268 3607 ut
1294 3565 1371 3608 con-

147 3648 316 3729 iungamus
346 3645 410 3712 τῶν
433 3645 562 3712 παίδων
585 3629 628 3711 ὧν
650 3634 745 3725 αδτὸς
768 3635 864 3733 δίρχει.
898 3648 1019 3712 Deinde
1043 3656 1148 3713 autem
1177 3630 1264 3713 οὗτοι
1295 3670 1369 3731 pro-

148 3775 261 3817 nomen
291 3762 375 3819 recte
406 3755 517 3820 referri
549 3755 591 3819 ad
624 3775 729 3818 vocem
760 3752 897 3817 πολῖται
927 3760 983 3818 aut
1012 3754 1130 3818 habere
1153 3755 1280 3818 omnino
1304 3776 1369 3836 quo

146 3857 303 3923 referatur
325 3860 419 3941 plane
441 3881 601 3942 negamus.
639 3859 750 3942 Neque
771 3860 874 3942 magis
897 3860 1016 3924 Haasio
1040 3859 1288 3943 adstipulamur,
1311 3861 1366 3943 qui

238 4055 257 4120 1)
276 4054 347 4106 Haeo
370 4069 425 4105 esse
449 4070 510 4106 vera
533 4055 603 4106 notio
629 4054 700 4106 verbi
725 4047 990 4123 (ἱντιπαραβάίλονσι
1009 4054 1124 4122 ridetur,
1149 4053 1217 4121 quod
1237 4055 1369 4106 Weiskius

148 4143 234 4195 minus
253 4146 320 4196 recte
342 4135 398 4210 ‘pro
417 4181 424 4195 .
443 4184 449 4196 .
469 4135 599 4194 exhibent'
618 4143 813 4210 interpretatur.
833 4143 872 4197 Cf.
892 4143 960 4196 Plat.
981 4142 1091 4199 Phaedr.
1112 4145 1162 4196 247
1182 4157 1195 4194 e
1214 4140 1370 4211 παρεβαίεν

148 4224 301 4301 ἀμβροσίαν
320 4235 412 4282 τεκαὶ
432 4223 473 4283 r'rr'
493 4223 561 4302 αἰτῇ
579 4236 676 4301 νέκταρ
696 4229 811 4284 ἐπόησε.
