3236 4894
866 147 883 202 2

263 373 333 416 cum
356 350 510 434 respicere
532 349 617 414 huno
641 349 784 414 libellum
817 357 849 415 et
870 372 890 416 a
913 349 1068 434 discipulo
1092 351 1229 434 quodam
1256 351 1324 415 eius
1348 352 1492 418 oratoris

263 457 440 522 conlectum
463 477 530 520 esse
553 455 720 538 opinatur,
752 463 785 521 et
806 455 991 521 Diodorfius
1003 457 1028 540 ¹)
1056 458 1233 540 complures
1262 478 1318 546 per
1341 458 1492 522 libellum

262 563 403 628 novicius
433 561 494 626 sibi
517 561 672 626 detexisse
702 562 876 628 locutiones
907 563 1050 639 videtur,
1081 563 1165 627 unde
1193 584 1262 627 eum
1292 585 1355 628 non
1378 562 1492 628 Xeno-

264 669 394 754 phontis
424 667 479 732 sed
507 668 608 732 multo
642 668 828 750 posterioris
858 690 925 734 esse
962 669 1077 734 aetatis
1106 668 1349 750 intellegeretur.
1399 669 1491 749 Quos

263 774 434 841 admodum
457 773 534 838 scite
549 773 758 838 Naumannus
773 775 798 858 ²)
821 774 996 857 redarguit,
1018 775 1074 858 qui
1098 797 1169 840 cum
1192 775 1232 839 iis
1255 796 1336 857 quae
1359 783 1490 858 praeter

263 881 493 946 dubitationem
517 878 747 963 Xenophontea
777 878 865 944 ducit
895 879 1044 962 operibus
1067 880 1309 962 diligentissime
1338 880 1423 946 huno
1445 881 1489 946 li-

262 987 381 1052 bellum
401 987 448 1050 ita
470 985 667 1068 compararit
696 991 733 1048 ut
754 986 912 1068 permulta
935 983 1063 1051 afferret
1086 986 1273 1052 elocutionis
1295 999 1360 1052 uon
1381 987 1488 1070 magis

263 1114 357 1176 quam
387 1093 614 1184 sententiarum
643 1091 787 1174 exempla
810 1111 891 1174 quae
920 1092 1025 1174 ipsum
1048 1091 1290 1175 Xenophontem
1320 1092 1387 1158 eius
1417 1114 1487 1158 esse
1593 1129 1598 1134 ·

263 1199 448 1282 scriptorem
476 1197 568 1263 facile
598 1197 776 1262 ostendunt.
830 1195 893 1276 Sed
921 1196 960 1263 de
988 1197 1109 1264 tradita
1137 1198 1238 1263 libelli
1266 1197 1370 1263 forma
1397 1199 1486 1264 Nau-

263 1327 398 1370 mannus
421 1311 468 1380 et,
497 1304 609 1387 quiin
632 1303 813 1367 uniuersum
834 1305 865 1367 ei
888 1304 1077 1380 assentitur,
1107 1303 1284 1386 Steinius³)
1316 1305 1400 1378 iusto
1429 1304 1485 1369 be-

262 1411 391 1494 nignius
414 1410 611 1486 iudicarunt3
635 1429 736 1492 neque
758 1408 862 1473 minus
885 1408 924 1473 de
947 1416 1052 1474 aetate
1075 1409 1142 1474 eius
1165 1432 1279 1494 parum
1303 1410 1485 1494 probabilia

262 1517 449 1600 interpretes
471 1515 641 1599 protulisse
663 1514 887 1582 existimamus.

352 1621 457 1699 Quare
479 1643 608 1705 operam
636 1620 728 1686 uobis
759 1641 824 1684 uon
851 1620 1026 1704 perdidisse
1049 1621 1193 1686 videmur
1216 1622 1300 1706 quod
1324 1623 1482 1706 quaestio-

252 1751 318 1804 ,ues
341 1729 380 1794 de
402 1728 463 1793 hoo
486 1728 594 1794 libello
617 1734 719 1792 motas
742 1726 877 1792 necdum
899 1727 1062 1792 absolutas
1085 1749 1143 1810 pro
1159 1728 1244 1794 uirili
1267 1737 1359 1811 parte
1379 1729 1481 1795 denuo

261 1835 444 1901 tractandas
467 1834 668 1917 suscepimus.
722 1834 829 1916 Atque
853 1833 886 1897 in
908 1832 969 1898 hac
992 1855 1026 1898 re
1049 1855 1120 1898 eum
1150 1855 1318 1917 sequemur
1340 1835 1483 1900 ordinem

260 1949 296 2006 ut
328 1941 466 2024 primum
497 1939 667 2003 nonnullos
691 1938 809 2020 quibus
841 1937 1032 2003 offendimur
1060 1938 1145 2003 locos
1175 1940 1271 2022 paulo
1303 1941 1482 2006 accuratius

261 2056 452 2130 spectemus,
483 2044 597 2109 deinde
627 2044 665 2107 de
687 2042 754 2107 fato
777 2043 878 2108 libelli
909 2043 987 2126 quid
1013 2043 1159 2108 videatur
1191 2051 1223 2110 et
1251 2067 1313 2128 quo
1342 2054 1482 2130 tempore

261 2153 456 2235 conscriptus
480 2151 531 2226 sit,
555 2156 622 2214 tum
646 2149 684 2214 de
706 2170 774 2232 cap.
798 2149 874 2213 XIV
899 2149 1098 2215 disseramus.

849 2415 888 2516 Ι.

472 2575 578 2658 Ι4.4)

350 2671 426 2745 ὅδὲ
451 2678 642 2766 Λυκοῦργος
665 2691 777 2744 ...“..
803 2682 875 2756 ταῖς
899 2667 928 2743 d'
954 2676 1140 2765 ἐλευθέραις
1162 2677 1316 2765 μέγιστον
1344 2676 1483 2763 νομίσας

259 2780 342 2853 εἶναι
365 2779 420 2875 τὴν
442 2781 651 2851 τεκνοποιίαν
672 2783 803 2871 πρῶτον
822 2783 882 2867 μὲν
898 2789 1082 2867 σωμασκεῖν
1101 2781 1211 2864 ἔταξεν
1228 2773 1318 2850 οὐδὲν
1334 2769 1427 2873 ἧττον
1441 2779 1481 2849 τὸ

260 2892 346 2981 θῆλυ
368 2891 425 2958 τοῦ
454 2881 582 2979 ἄρρενος
605 2883 716 2980 φίλον·
764 2887 880 2955 ἔπειτα
910 2889 947 2955 δὲ
976 2882 1096 2978 δρόμον
1125 2889 1181 2955 καὶ
1213 2883 1337 2973 ἰσχύος,
1370 2882 1483 2979 ὥσπερ

260 2998 317 3064 καὶ
339 3003 409 3076 τοῖς
431 2987 592 3084 ἀνδράσιν,
626 2985 708 3061 oium
730 2995 786 3062 καὶ
809 3001 881 3075 ταῖς
906 2993 1055 3084 θηλείαις
1085 2985 1211 3083 οἰνῶνας
1239 2989 1322 3083 πρὸς
1344 2986 1484 3087 ἀλλήλας

261 3102 405 3193 ἐποίησε,
435 3101 572 3187 νομίζων
602 3101 638 3184 ἐξ
659 3092 852 3193 ἀμφοτέρων
873 3099 1009 3189 ἰσχυρῶν
1039 3101 1095 3167 καὶ
1125 3095 1166 3168 τὰ
1197 3099 1312 3189 ἔκγονα
1343 3101 1481 3191 ἐρρωμε-

260 3209 391 3297 νέστερα
413 3207 593 3296 γίγνεσθαι.

351 3317 420 3394 Quo
445 3316 561 3381 elarius
586 3338 681 3400 quam
705 3315 832 3399 egregia
857 3315 998 3400 Lycurgi
1026 3315 1174 3380 instituta
1203 3321 1307 3382 essent
1330 3339 1368 3382 ao
1389 3338 1482 3400 prae-

261 3430 351 3507 cepta
373 3423 552 3487 ostenderet
578 3422 723 3505 scriptor,
746 3422 933 3505 plerumque
963 3443 1032 3487 eam
1062 3421 1136 3486 iniit
1165 3423 1320 3487 rationem
1349 3430 1385 3488 ut
1415 3423 1483 3506 pri-

351 3655 369 3723 1)
389 3653 567 3720 Xenophontis
586 3652 710 3720 opuscula
729 3652 835 3720 politica
853 3655 901 3704 etc.
919 3651 959 3706 ed.
978 3651 1059 3705 Oxon.
1079 3655 1155 3708 1866.
1176 3652 1256 3720 praef.
1277 3670 1301 3721 p.
1316 3653 1384 3707 Vlll
1397 3669 1453 3722 sqq.

349 3744 369 3811 2)
388 3744 425 3795 De
450 3741 629 3809 Xenophontis
654 3741 721 3794 libro
746 3741 791 3808 qui
817 3738 1044 3808 Λακεδαιμονίων
1068 3738 1190 3792 πολιτεία
1210 3742 1373 3798 inscribitur.
1410 3743 1478 3796 Diss.

260 3831 344 3884 Berol.
365 3834 440 3887 1876.
460 3847 484 3898 p.
505 3833 521 3884 6
540 3846 595 3897 sqq.

352 3920 373 3985 8)
393 3919 589 3985 Benrerlrungen
609 3935 642 3970 zu
661 3917 818 3985 Xenoplrons
838 3916 937 3969 Sclrrift
965 3917 1048 3984 „Varo
1069 3916 1158 3970 Staate
1177 3917 1222 3972 der
1240 3918 1480 3974 Lacedaemouier‘l.

259 4008 367 4076 Beilage
386 4024 444 4060 zurn
465 4006 668 4075 Gymn.-Progr.
687 4004 765 4058 Glatz
785 4007 862 4060 1878.

348 4097 368 4164 ⁴)
389 4095 527 4163 Scriptoris
546 4095 624 4148 verba
642 4094 758 4162 afferens,
787 4093 838 4146 nisi
863 4093 926 4161 quid
954 4096 1086 4148 mutatum
1109 4111 1164 4148 csso
1191 4094 1323 4164 adnotavi,
1352 4094 1481 4150 Dindorfii

258 4187 362 4236 secutus
381 4201 439 4236 sum
458 4182 605 4237 editionem.
