3236 4894
722 234 762 291 25

219 440 341 518 Quodsi
364 462 426 527 quo
450 442 518 506 loco
537 441 601 504 'hoc
624 447 719 523 caput
741 441 817 505 olim
838 439 977 523 positum
1000 439 1096 504 suerit
1119 460 1262 534 quaeras,
1284 462 1354 505 ma-

128 549 243 612 teriam
266 549 428 613 continere
450 548 547 612 talem
562 547 687 612 videtur
704 567 786 630 quae
807 546 924 628 prioris
940 546 1084 630 opusculi
1108 547 1209 628 partis
1226 547 1353 629 egregia

130 655 172 719 sit
193 654 365 736 peroratio.
411 653 521 736 Neque
544 675 617 718 vero
640 654 745 717 minus
769 675 838 735 cap.
861 651 892 716 X
925 656 945 734 ἓ
968 639 1114 738 8·(ἀλλὰ
1138 644 1197 737 γὰρ
1221 642 1271 715 ὅτι
1294 650 1353 734 μέν

128 783 159 824 a.
183 783 211 824 a.
236 759 279 844 λ.)
311 781 379 824 eam
403 760 552 824 exhibere
575 760 765 824 sententiam
787 765 922 842 apparet
951 779 1032 841 quae
1063 760 1163 824 eidem
1190 760 1275 842 parti
1298 781 1354 823 ne-

130 866 266 930 cessario
295 865 390 930 finem
421 867 582 949 imponere
611 866 766 930 videatur.
819 866 932 947 Itaque
960 865 1025 928 veri
1056 885 1123 928 esse
1157 865 1353 930 simillimum

128 972 324 1036 arbitramur
346 972 440 1036 initio
465 993 531 1054 cap.
556 971 634 1035 VIII
664 972 748 1035 inter
771 975 790 1055 ξ
816 979 833 1034 7
858 959 895 1036 'et
916 973 936 1051 ξ
959 978 978 1034 8
1008 970 1122 1053 capitis
1145 972 1175 1036 X
1197 971 1352 1036 insertum

127 1077 234 1142 fuisse.
281 1076 372 1141 Certe
395 1070 477 1142 enim
500 1078 605 1160 prima
628 1077 742 1160 capitis
766 1075 843 1142 Vlll
872 1077 970 1142 verba
999 1064 1095 1162 (ἀλλὰ
1125 1068 1184 1161 γὰρ
1214 1066 1265 1140 ὅτι
1293 1073 1353 1159 μὲν

129 1181 162 1246 ἓν
192 1174 327 1270 Σπάρτῃ
355 1176 499 1265 μάλιστα
529 1179 708 1248 πείθονται
737 1186 810 1259 ταῖς
841 1170 954 1267 ἀρχαῖς
982 1205 1017 1246 τε
1048 1180 1102 1246 καί
1137 1186 1207 1259 τοῖς
1226 1173 1352 1264 ’νόμοις

126 1284 220 1371 ῖσμεν
243 1279 415 1373 dirorum),
445 1311 612 1373 quaeque
638 1311 722 1353 nuno
750 1290 899 1372 leguntur
928 1290 997 1353 loeo
1019 1297 1150 1371 propter
1180 1277 1261 1354 ἀλλὰ
1293 1281 1352 1374 γάρ

127 1396 304 1479 particulas
338 1395 516 1472 offendunt,
546 1417 616 1460 cum
646 1403 785 1461 extremo
815 1396 926 1479 capX
958 1399 1019 1476 §7
1053 1395 1216 1461 enuntiato
1247 1391 1290 1480 (el
1315 1395 1351 1460 δέ

127 1526 178 1578 εις
200 1489 444 1566 ἀποδειλιάσειε
466 1499 522 1564 τοῦ
545 1493 584 1566 τὰ
612 1493 733 1583 νόμιμα
756 1501 1008 1580 διαπονεῖσθαι,
1039 1499 1151 1564 τοῦτον
1175 1497 1242 1564 ἐκεῖ
1264 1491 1349 1564 ἀπέ-

125 1607 211 1686 δειξε
244 1606 326 1694 μηδὲ
358 1604 551 1689 νομίζεσθαι
582 1603 630 1671 ἔτι
664 1606 727 1670 νιῖν
753 1591 876 1689 Ιὁμοίιον
898 1599 995 1692 εἶναι)
1026 1609 1143 1691 optime
1171 1608 1350 1672 cohaerent.

129 1713 211 1776 Nam
234 1721 402 1795 postquam
434 1714 473 1776 de
503 1715 542 1776 iis
573 1713 691 1776 dictum
716 1718 762 1777 est
792 1713 847 1794 qui
876 1713 1020 1793 legitima
1048 1713 1153 1777 officia
1176 1735 1239 1777 non
1263 1734 1351 1778 exer-

125 1825 207 1893 cent,
231 1839 301 1882 cum
322 1817 535 1894 affirmatione
559 1818 732 1900 opponitur
756 1818 890 1900 Spartae
906 1819 1044 1882 onmium
1067 1820 1204 1882 maxime
1227 1819 1350 1900 legibus

124 1924 348 2007 obtemperari.
384 1924 466 1990 Sane
489 1924 616 2006 quidem
639 1910 721 1986 ἀλλὰ
744 1916 805 2009 γάρ
829 1945 892 2006 quo
916 1924 1041 1989 orditur
1064 1946 1134 2007 cap.
1158 1923 1188 1988 X
1217 1928 1236 2004 ἓ
1260 1932 1278 1988 8
1309 1925 1350 1989 ad

125 2038 266 2094 extrema
290 2052 357 2113 cap.
380 2030 457 2095 VIII
480 2031 576 2094 verba
599 2017 730 2094 ἀνόσιον
752 2028 827 2106 θεὶς
849 2021 886 2092 τὸ
909 2021 1152 2116 πινθοχρήσιοις
1175 2022 1285 2111 νόμοις
1306 2020 1350 2118 μὴ

125 2131 312 2200 πείθεσθαι
335 2137 439 2200 minus
461 2143 573 2219 aptum
590 2143 654 2213 est3
679 2135 734 2200 sed
755 2138 889 2200 fortasse
911 2124 993 2198 ἀλλὰ
1017 2128 1077 2221 χάρ
1100 2125 1150 2199 ὅτι
1172 2134 1232 2217 μέν
1254 2137 1350 2202 rerba

124 2243 173 2305 illi
195 2247 214 2323 ξ
238 2243 421 2325 praeposita
443 2264 481 2306 ex
504 2243 576 2325 pari
598 2243 693 2306 initio
717 2243 830 2325 capitis
848 2241 936 2318 VIII,
959 2263 1030 2306 cum
1054 2242 1112 2306 hoc
1135 2263 1192 2306 suo
1208 2243 1277 2307 loeo
1301 2263 1351 2306 ce-

126 2347 226 2423 deret,
251 2355 470 2412 remanserunt
493 2354 524 2412 et
543 2349 714 2429 genuinum
734 2348 820 2412 illius
843 2348 944 2430 partis
967 2349 1131 2412 exordium
1150 2349 1349 2431 expulerunt,

125 2472 208 2534 quae
231 2453 277 2516 sic
299 2451 365 2518 iere
387 2453 512 2518 videtur
535 2455 705 2535 incepisse:
728 2452 784 2516 aul
807 2445 869 2540 μὴν
892 2443 942 2518 ὅτι
966 2449 1165 2518 παλαῖσαιοι
1187 2477 1217 2517 ν..
1234 2479 1261 2518 ι.
1279 2455 1307 2517 l.

213 2557 307 2622 Falso
338 2567 443 2624 autem
473 2581 540 2642 cap.
565 2560 643 2624 VIII
677 2560 740 2642 legi
774 2559 842 2624 loco
880 2559 989 2624 eodem
1021 2559 1085 2626 sere
1117 2582 1179 2643 quo
1210 2561 1349 2626 Steiuius
1403 2555 1407 2562 ’

123 2681 264 2764 tempore
278 2649 503 2748 slwiklirislrius
518 2683 542 2768 1)
559 2684 725 2760 intellexit,
739 2685 795 2767 qui
810 2691 930 2748 certum
947 2685 975 2748 ei
986 2684 1128 2749 ordinem
1144 2705 1208 2747 non
1224 2683 1348 2749 tribuit.

125 2788 247 2852 Steinio
277 2810 424 2853 assensus
458 2789 703 2872 Schenkelius2)
734 2790 943 2873 principalem
972 2812 1062 2873 capp.
1093 2789 1235 2853 ordinem
1265 2790 1350 2853 hunc
1441 2799 1445 2813 ⁸

122 2891 221 2955 fuisse
244 2894 405 2958 existimat
427 2894 467 2969 X,
490 2894 560 2970 XV,
584 2894 670 2970 VIII,
694 2895 740 2960 XI
764 2918 853 2979 sqq.‚
877 2918 970 2980 quem
993 2896 1121 2960 omnino
1143 2916 1210 2961 esse
1231 2895 1350 2978 impro-

124 2996 265 3062 babilem
288 3019 327 3062 ex
350 2999 390 3062 iis
415 3020 497 3081 quae
520 3000 751 3082 disputavimus
775 3003 853 3067 satis
877 3003 986 3067 elucet.

341 3157 389 3221 IX
416 3168 441 3221 1.

214 3284 305 3378 ἀξιον
324 3297 360 3364 δὲ
373 3297 429 3364 rob
442 3290 635 3385 Λυκούργου
646 3299 702 3363 καὶ
721 3292 795 3366 udde
811 3289 1005 3388 ἀγασθῆναι,
1027 3293 1065 3364 τὸ
1081 3293 1349 3387 κατεργάσασθαι,

123 3401 158 3465 ἐν
180 3401 219 3490 τῇ
242 3395 338 3470 πόλει
362 3397 569 3492 αῖρειώσερον
590 3397 674 3470 εῖναι
696 3398 752 3472 τὸν
773 3399 871 3470 καλὸν
888 3399 1034 3471 θάνατον
1053 3395 1123 3471 ἀντὶ
1142 3405 1198 3472 τοῖν
1218 3403 1348 3494 αἰσχροῦ

123 3508 212 3590 βίον·
258 3509 314 3574 καὶ
338 3503 398 3597 χάρ
420 3503 459 3600 δὴ
483 3509 680 3576 ἐπισκοπῶν
706 3537 757 3589 τις
778 3501 817 3576 lb
838 3502 922 3598 εῖροι
944 3509 1055 3595 μειόες
1076 3501 1349 3601 ἀποθνῄσκοντας

121 3606 243 3680 nodatur
263 3604 282 3702 ἢ
305 3615 369 3682 τῶν
392 3615 429 3681 ἐκ
451 3615 508 3682 σοῦ
533 3616 672 3706 φοβεροῦ
695 3603 878 3704 ἀποχωρεῖν
901 3613 1106 3703 αῖροιχιιένιον.

212 3722 389 3790 Pronomen
411 3714 540 3802 σοι’·ιισν,
565 3725 650 3807 quod
673 3725 828 3788 neminem
852 3723 956 3788 adbuc
980 3725 1190 3809 interpretum
1206 3723 1348 3794 offendit,

122 3848 186 3908 quo
215 3828 365 3910 respiciat
397 3851 461 3895 non
495 3831 700 3912 intellegitur.
755 3829 814 3906 Est
837 3830 929 3907 enim,
959 3839 1114 3914 quantum
1145 3831 1363 3898 cohaerentia.

121 3932 222 4009 docet,
252 3934 431 4015 oppositum
463 3936 566 3999 verbis
601 3933 665 3998 τῶν
698 3931 734 3998 ἐν.
766 3932 824 3999 nob
854 3935 993 4023 φοβεροῦ
1028 3924 1211 4023 ἀποχωρεῖν
1239 3931 1347 4023 αῖροσ-

214 4182 232 4247 1)
253 4181 281 4233 L,
301 4197 321 4234 c.
342 4197 366 4248 p.
386 4182 438 4234 495
458 4197 499 4248 sq.

212 4272 233 4335 ἐχ
252 4268 363 4322 Bursian
383 4268 532 4322 Jnhresber.
552 4269 631 4324 XVII
650 4286 674 4336 p.
695 4271 728 4325 2ss
749 4287 787 4337 sq·
