3236 4894
847 276 886 332 46

252 505 290 549 00
314 483 418 547 minus
443 481 618 547 attribuere
634 481 716 556 licet,
739 502 810 544 cum
826 486 894 545 tota
910 501 1014 545 rerum
1032 481 1182 546 tractatio
1198 487 1295 564 atque
1310 480 1482 545 verborum

256 589 394 655 elocutio
417 587 638 671 Xenophontis
672 587 828 668 exprimat
856 587 1018 669 ingenium
1046 607 1228 669 moremque
1261 585 1420 651 scribendi
1438 586 1481 672 1);

253 697 333 761 haec
369 695 452 759 enim
486 694 637 758 breviarii
672 699 834 757 auctorem
868 694 1012 776 quamvis
1042 693 1192 757 callidum
1214 700 1280 757 tam
1305 692 1479 775 diligenter

253 823 394 867 servasse
421 805 478 865 aut
506 807 572 864 tam
602 799 774 883 prudenter
803 799 965 864 imitatum
996 820 1063 864 esse
1085 799 1176 863 valde
1199 820 1278 863 sane
1297 799 1481 863 mirandum

253 914 344 974 esset.
391 905 479 982 Quae
502 927 571 970 cum
594 905 641 969 ita
664 905 737 981 sint,
767 926 876 969 eorum
905 905 1017 988 quiin
1041 905 1166 970 brevius
1190 911 1388 970 contractum
1411 927 1482 971 esse

254 1013 338 1078 hunc
371 1012 514 1076 libellum
549 1018 663 1094 putant
696 1010 848 1075 iudicium
883 1011 970 1074 nullo
1005 1010 1113 1091 modo¹
1129 1012 1294 1094 probatur.
1339 1010 1480 1088 Quorum
1520 1033 1532 1044 ”

254 1118 452 1193 sententiam,
484 1117 576 1181 modo
599 1117 778 1182 accuratius
810 1137 875 1180 rem
899 1124 1029 1199 spectes,
1061 1138 1101 1179 ne
1122 1117 1179 1181 illo
1203 1116 1329 1200 quidem
1352 1116 1479 1202 Polybii

254 1247 348 1308 quem
370 1245 466 1307 supra
489 1223 601 1306 scripsi
631 1223 699 1286 loco
723 1222 868 1286 adiuvari
890 1222 985 1289 vides.
1033 1221 1115 1286 Nam
1138 1229 1173 1287 ut
1195 1243 1349 1305 ponamus
1373 1222 1480 1287 Xeno-

252 1332 405 1414 phontem
428 1330 462 1393 in
484 1329 544 1393 hoc
568 1329 685 1411 scripto
708 1328 747 1392 de
770 1328 977 1392 similitudine
1000 1327 1320 1393 Lacedaemoniorum
1344 1335 1375 1394 et
1398 1327 1474 1393 Cre-

254 1436 392 1502 tensium
422 1435 468 1499 rei
497 1435 643 1518 publicae
672 1434 811 1498 locutum
841 1456 917 1512 esse,
952 1456 987 1498 eo
1011 1435 1169 1518 epitomen
1191 1435 1257 1500 eius
1280 1456 1337 1500 nos
1361 1435 1481 1500 habere

254 1565 319 1607 non
335 1542 505 1617 evincitur3
530 1561 604 1604 nam
628 1539 702 1604 iude
718 1540 803 1622 quod
819 1541 906 1604 deest
929 1539 1007 1604 haec
1026 1541 1220 1623 comparatio
1242 1541 1385 1605 consulto
1409 1562 1479 1606 eam

252 1648 401 1713 omissam
416 1666 484 1712 esse
504 1645 643 1710 nondum
659 1643 843 1721 efficeretur,
859 1645 1046 1728 praesertim
1062 1667 1131 1710 cum
1147 1647 1213 1711 alia
1230 1667 1354 1732 quoque
1371 1646 1477 1711 desint

254 1775 337 1836 quae
360 1753 457 1817 etiam
480 1752 514 1815 in
536 1751 693 1818 breviario
715 1751 818 1816 omitti
836 1773 898 1816 non
915 1752 1086 1834 potuerint.
1126 1752 1187 1818 Sed
1202 1773 1237 1816 re
1252 1773 1327 1817 vera
1343 1753 1481 1835 scriptor

254 1881 339 1943 quae
361 1859 511 1942 Polybius
544 1857 622 1922 dicit
651 1878 894 1922 commemorare
924 1880 990 1922 non
1020 1858 1133 1941 potuit.
1179 1858 1266 1924 Idem
1296 1859 1379 1922 enim
1408 1880 1480 1923 cum

254 1966 365 2030 statim
388 1965 423 2028 in
444 1964 537 2030 initio
554 1963 655 2028 libelli
670 1963 696 2048 ²)
713 1970 744 2028 et
760 1963 942 2047 saepissime
962 1971 1127 2047 praeterea
1137 1963 1164 2049 3)
1179 1964 1327 2028 institut-a
1341 1964 1480 2048 Lycurgi

256 2094 320 2136 non
343 2092 382 2134 ex
405 2071 477 2134 aliis
494 2069 676 2134 civitatibus
700 2069 887 2152 deprompta
904 2068 959 2133 sed
982 2090 1020 2133 ex
1042 2070 1142 2152 ipsius
1164 2070 1321 2152 sapientia
1336 2069 1481 2154 profecta

200 2235 202 2240 ,
258 2197 326 2241 esse
343 2175 505 2259 praedicet
521 2181 552 2239 et
567 2175 674 2239 omnia
689 2174 754 2239 fere
770 2181 943 2239 ceterorum
959 2174 1151 2240 Graecorum
1167 2175 1307 2240 moribus
1324 2197 1391 2240 esse
1406 2198 1481 2241 con-

255 2283 358 2347 traria
373 2280 528 2356 ostendat,
552 2301 656 2345 nonne
671 2281 739 2363 ipse
762 2302 782 2345 0
804 2302 836 2344 se
854 2280 1061 2358 dissensisset,
1084 2281 1111 2344 si
1127 2281 1192 2346 ullo
1215 2281 1284 2347 loco
1300 2281 1481 2365 Lycurgum

254 2387 451 2452 Cretensium
478 2388 562 2468 leges
589 2386 748 2451 imitatum
776 2409 843 2452 esse
866 2394 1109 2452 commemorata
1136 2387 1249 2452 harum
1272 2387 1481 2454 similitudine

253 2494 398 2577 quamvis
420 2493 549 2577 oblique
572 2493 789 2575 designasset?
827 2493 908 2558 Nam
936 2501 992 2558 eut
1014 2493 1089 2557 hinc
1111 2497 1283 2576 repetenda
1311 2494 1480 2560 010111οο0

254 2600 428 2665 similitudo
460 2606 516 2664 aut
547 2599 621 2663 inde
651 2598 736 2682 quod
761 2597 924 2664 Cretenses
948 2598 1084 2683 Lycurgi
1106 2600 1254 2664 instituta
1277 2601 1474 2683 accepissent.

257 2707 328 2772 Hoc
351 2713 456 2771 autem
479 2707 579 2769 multo
602 2705 698 2770 etiam
721 2705 825 2768 minus
845 2704 900 2769 ille
922 2705 1062 2785 cogitare
1083 2711 1219 2788 poterat,
1242 2707 1387 2788 quoniam
1409 2703 1470 2770 X8

211 2823 220 2838 ⁴
255 2813 404 2895 legimus:
438 2800 520 2875 otus
550 2807 586 2873 ds*
615 2807 754 2872 παλαιοὶ
784 2796 872 2886 ὄντες
901 2810 981 2894 (scil.
1011 2805 1042 2874 οὶ
1069 2808 1125 2874 τοῦ
1149 2803 1342 2898 Λυκούργου
1369 2801 1475 2896 νόμοι)

255 2914 304 2983 ἔτι
327 2917 384 2982 καὶ
407 2916 459 2982 νῦν
480 2920 550 2993 τοῖς
573 2903 683 2992 ἄλλοις
705 2907 892 2980 υαινὸτανοί
914 2911 996 2980 εἰσι·
1024 2915 1080 2980 καὶ
1104 2908 1163 3003 γὰρ
1185 2909 1223 2981 τὸ
1246 2910 1378 2982 πάντων
1393 2921 1478 2981 θαυ-

254 3017 460 3106 μαστότατον
481 3019 652 3087 ἐπαινοῦσι
666 3019 727 3105 μὲν
749 3013 869 3099 πάντες
882 3015 923 3086 τὰ
946 3020 1080 3087 τοιαῦτα
1099 3015 1349 3110 ἐπιτηδεύματα,
1368 3027 1482 3106 μιμεῖ-

159 3127 164 3144 ’
254 3134 340 3193 σθαι
363 3127 399 3192 δὲ
423 3117 503 3192 αἰνὰ
528 3117 660 3211 οὐδεμία
677 3121 774 3206 πόλις
791 3126 911 3193 ἐθέλει.
941 3129 1031 3193 Nihil
1055 3129 1153 3212 igitur
1168 3130 1222 3194 ille
1238 3129 1364 3214 Polybii
1380 3131 1480 3206 100110,

255 3241 426 3318 utcumque
456 3236 642 3318 explicatur,
674 3235 716 3299 ad
750 3235 987 3300 diiudicandam
1016 3235 1110 3300 huius
1141 3236 1242 3300 libelli
1264 3236 1483 3318 integritatem

255 3341 393 3406 attinere
428 3341 561 3418 videtur,
596 3341 701 3418 immo,
735 3362 805 3406 cum
834 3362 946 3424 parum
975 3340 1016 3404 ad
1040 3342 1259 3424 Xenophontis
1289 3341 1482 3407 sententiam

256 3447 432 3524 conveniat,
454 3447 621 3530 Polybium
643 3447 688 3510 ibi
711 3447 865 3511 erravisse
888 3453 919 3513 et
935 3446 1177 3530 Xenophontem
1193 3469 1250 3530 pro
1268 3447 1439 3512 Aristotele
1451 3447 1481 3532 4)

348 3625 367 3692 ¹)
387 3623 427 3678 Cf.
446 3623 595 3677 Naumann.
614 3623 631 3680 l.
651 3639 672 3678 0.
692 3638 716 3690 p.
730 3625 765 3678 30
785 3639 840 3690 sqq.

346 3714 366 3780 2)
385 3713 399 3765 I
418 3716 434 3767 2
454 3710 612 3783 Λυκοῦργον
635 3718 728 3780 μέντοι
752 3704 801 3763 τὸν
825 3712 914 3762 θέντα
939 3704 1028 3766 αὐτοῖς
1050 3705 1111 3766 ‘coire
1135 3707 1230 3780 νόμους
1254 3711 1291 3766 ols
1317 3707 1482 3779 πειθόμενοι

255 3795 466 3870 ηὗδοιμόνησαν,
486 3799 583 3852 τοῦτον
601 3806 645 3851 καὶ
664 3795 800 3868 θαυμάζοι
818 3805 862 3850 καὶ
881 3794 958 3854 110τά
984 3803 1086 3868 ἔσχατα
1111 3794 1198 3870 σοφὸν
1221 3793 1342 3872 ἡγοῦμαι.
1381 3803 1484 3854 ἐκεῖνος

254 3883 308 3962 γὰρ
328 3883 363 3942 ori
381 3885 616 3959 μιμησάμενος
634 3882 682 3943 τὰς
701 3882 781 3943 ἄλλος
795 3884 890 3950 πόλεις,
911 3881 1040 3940 filiciani
1059 3894 1200 3939 ἐναντία
1218 3882 1315 3959 γνοὺς
1333 3893 1391 3943 ταῖς
1405 3885 1484 3940 πλεί-

255 3998 333 4034 σταις
350 3984 521 4047 προέχουσαν
541 3971 697 4045 εὐδαιμονία
715 3971 767 4042 τὴν
785 3976 904 4048 πατρίδα
924 3969 1071 4036 ἀπέδειξεν,

346 4070 366 4131 ³)
386 4065 934 4122 Velut110.112.13.14.1111.1V7.
954 4064 1347 4132 V2.5.V11.4.V111-2‚
1367 4064 1483 4132 saepius.

344 4156 365 4222 ⁴)
385 4156 435 4208 Hic
460 4155 528 4208 enim
551 4155 584 4207 ln
607 4154 687 4209 Polit.
706 4155 734 4207 ΙΙ
754 4155 850 4210 12631)
870 4155 912 4208 41.
942 4156 1036 4209 126911
1058 4157 1099 4208 29.
1136 4156 1236 4208 12710
1257 4157 1299 4208 29.
1320 4152 1337 4206 b
1360 4156 1393 4208 20
1422 4168 1482 4221 sqq.

256 4245 324 4298 1272
335 4246 375 4297 01
396 4259 451 4310 sqq.
473 4243 615 4310 VII(nunc
629 4244 678 4313 VI)
694 4243 815 4298 132418
836 4242 997 4295 Cretensium
1017 4242 1141 4294 instituta
1160 4258 1219 4294 cum
1237 4258 1265 4294 ro
1281 4241 1479 4309 publicaLace-

255 4329 449 4386 daemoniorum
475 4335 609 4399 comparat
627 4332 770 4399 laudatque
789 4333 927 4398 utramque
946 4330 1136 4386 1112721128.
1157 4329 1304 4386 12781125.
