3236 4894
863 226 903 282 30

268 432 373 496 locum
396 431 574 494 consentire
596 428 745 494 videmus.
791 430 942 495 Perverse
965 435 1071 494 antem
1099 428 1256 494 sententia
1278 417 1496 492 Leonclavius

267 537 447 602 coniecerat
475 525 526 599 dre
550 529 579 598 oi
602 526 647 622 μὴ
669 525 874 618 βουλόμενοι,
899 534 982 617 quod
1002 533 1211 600 Schneiderus
1234 555 1274 597 ne
1289 534 1373 598 inter
1390 535 1495 616 scrip-

267 643 347 707 toris
370 641 466 706 verba
487 641 642 724 reciperet
664 663 773 706 cavere
798 641 942 706 debebat.
981 639 1062 704 Nam
1078 661 1130 704 eos
1155 639 1210 722 qui
1226 640 1338 704 uirtuti
1361 639 1493 704 studere

270 749 374 812 nolint
404 747 445 812 ad
475 746 655 829 augendam
683 747 820 829 patriam
852 747 933 810 nihil
961 747 1065 810 valere
1094 744 1220 810 facilius
1249 752 1297 808 est
1325 745 1493 809 intellectu

267 875 367 936 qnam
400 853 486 935 quod
523 853 705 934 cognovisse
743 851 803 916 hoo
840 852 925 928 loco,
963 853 1019 917 ubi
1060 851 1099 915 de
1132 850 1315 916 admirabili
1351 851 1492 934 Lycurgi

269 959 428 1042 sapientia
458 959 579 1040 agitur,
613 965 766 1041 tanquam
797 979 947 1039 magnum
978 957 1137 1040 quoddam
1167 955 1344 1040 praedicari
1378 957 1491 1040 possit.

267 1064 331 1130 Sed
360 1085 465 1129 veram
494 1065 555 1128 loci
584 1063 819 1128 cohaerentiam
853 1064 973 1146 primus
1001 1063 1162 1145 perspexit
1185 1061 1360 1137 WeiskiuS,
1396 1083 1491 1144 quem

266 1170 479 1234 Schneiderus
512 1177 629 1235 temere
663 1168 876 1252 reprehendit
932 1169 1014 1234 Sane
1048 1168 1176 1251 quidem
1210 1167 1296 1250 qnod
1329 1166 1491 1232 Weiskius

267 1278 337 1358 ipse
360 1276 526 1360 proponit:
557 1265 605 1338 dcc
631 1264 771 1338 danucia
794 1297 857 1340 non
888 1275 989 1357 magis
1018 1275 1123 1357 placet
1144 1295 1240 1356 quam
1262 1273 1295 1337 id
1319 1273 1404 1355 quod
1427 1271 1490 1337 Co-

268 1381 360 1446 bctns
373 1382 413 1467 l):
438 1371 487 1444 ὅτι
500 1376 675 1459 <έσυιν>
689 1370 774 1443 ὅπου
790 1375 820 1443 οἱ
836 1372 1033 1463 βουλόμενοι,
1050 1401 1121 1444 cum
1137 1387 1273 1462 utraque
1288 1379 1372 1444 ratio
1393 1379 1490 1443 nimis

267 1488 455 1568 languidam
485 1486 638 1568 praebeat
673 1486 862 1551 sententiam
893 1493 924 1550 et
952 1486 991 1550 ad
1028 1485 1258 1550 restituendum
1290 1485 1394 1550 locum
1424 1506 1491 1549 non

267 1591 412 1657 sufficere
441 1593 595 1658 uideatur.
648 1593 744 1668 Nam,
777 1599 813 1655 ut
841 1592 910 1674 ipse
939 1590 1097 1656 Weiskins
1131 1592 1244 1668 sensit,
1278 1591 1491 1675 oppositionis

269 1699 386 1763 rationi
416 1699 553 1762 maximo
588 1705 831 1764 consentaneum
862 1702 910 1762 est
940 1698 1035 1762 verbo
1068 1688 1256 1780 βουλόμενοι
1286 1697 1362 1760 addi
1394 1687 1490 1780 privor

268 1825 374 1870 vocem
406 1805 454 1868 vel
486 1805 635 1880 similem,
670 1811 706 1869 ut
735 1805 914 1868 contrariae
947 1804 1121 1868 sententiae
1154 1791 1312 1890 ἠνάγκασε
1345 1799 1491 1889 δημοσίᾳ

266 1903 396 1988 πάντας
423 1933 452 1973 κ.
477 1935 504 1974 υ.
530 1909 557 1973 λ.
582 1911 674 1992 plene
704 1912 941 1992 respondeatur.
988 1909 1080 1986 Quod
1104 1909 1158 1992 qui
1188 1909 1326 1990 neglexit
1349 1909 1490 1972 Haasius

266 2017 310 2081 ad
326 2016 503 2080 sanandum
526 2015 610 2080 hunc
632 2016 735 2080 locum
751 2017 986 2080 emendationes
1009 2016 1144 2098 protulit
1164 2035 1277 2098 parum
1295 2014 1489 2098 probabiles.

268 2122 351 2186 Nam
375 2122 460 2204 quod
484 2110 568 2184 iinon
590 2128 647 2185 aut
669 2122 702 2184 in
726 2109 807 2196 δ’λιος
830 2121 1018 2185 mutandum
1040 2127 1097 2184 aut
1120 2121 1214 2203 plane
1231 2121 1398 2184 delendum
1421 2141 1488 2184 esse

267 2234 389 2303 censet,
422 2215 504 2302 ὅλοις
525 2226 586 2290 hoc
608 2226 676 2290 loco
706 2225 852 2291 idoneam
874 2226 936 2290 vim
965 2226 1148 2291 nonhabet
1178 2233 1273 2309 atque
1297 2216 1382 2290 ὅπου
1402 2225 1487 2290 unde

269 2334 305 2397 in
329 2332 492 2414 scriptoris
518 2332 614 2396 verba
636 2332 801 2415 irrepserit
822 2353 886 2395 non
909 2333 1018 2414 liquet.
1056 2332 1256 2396 Facillimum
1277 2340 1383 2398 antem
1403 2332 1489 2396 ducit

268 2439 325 2503 ille
346 2461 405 2521 pro
434 2435 668 2520 ἐπιμελεῖσθαι
698 2459 815 2521 ponere
845 2435 1074 2520 impericiam
1102 2444 1199 2520 atque
1227 2439 1261 2502 in
1290 2439 1395 2502 indice
1422 2438 1486 2504 edi-

243 2545 366 2608 ‘tionis
396 2535 470 2621 τοὺς
503 2543 715 2627 βουλομένους
743 2565 811 2609 esse
838 2564 890 2608 eos
922 2544 1039 2627 quibus
1068 2565 1132 2617 non
1166 2544 1248 2610 desit
1277 2545 1419 2610 voluntas
1447 2548 1478 2608 in

268 2650 426 2715 laudabili
455 2651 560 2718 studio
588 2651 749 2714 contendit
758 2674 766 2726 ;
799 2671 895 2731 quam
918 2651 1078 2715 notionem
1109 2651 1290 2716 sollemnem
1318 2672 1384 2716 esse
1407 2671 1476 2714 con-

266 2757 370 2820 cludit
400 2778 439 2820 ex
472 2756 523 2819 his
552 2755 645 2819 locis:
692 2759 781 2838 Ages.
811 2756 841 2820 ll
871 2764 888 2818 2
928 2746 1136 2841 παράδειγμα
1166 2760 1236 2832 υοῖς
1264 2744 1482 2842 ἀνδραγαθίαν

266 2850 381 2926 οἷσκεῖν
410 2858 633 2944 βουλομένοις,
664 2860 825 2926 Demosth.
850 2860 897 2924 Ill
922 2869 961 2925 31
995 2856 1025 2923 oi
1048 2858 1084 2924 δὲ
1108 2859 1185 2947 (τῶν
1207 2852 1326 2947 νόμιον)
1349 2913 1483 2927 ......

266 2960 341 3044 υοδς
369 2959 410 3031 τὰ
441 2965 555 3031 δέοντα
584 2969 693 3030 ποιεῖν
723 2965 935 3049 βουλομένοις
965 2953 1188 3053 ἀθυμοτέρους
1214 2965 1374 3033 ποιοῦσιν.
1425 2969 1486 3035 Sed

264 3073 416 3138 adhunc
446 3073 558 3149 locum,
588 3095 650 3156 quo
681 3067 710 3136 oi
740 3064 928 3156 βουλόμενοι
958 3073 1103 3137 absolute
1132 3073 1251 3138 dictum
1278 3072 1374 3150 foret,
1405 3075 1484 3139 nihil

264 3179 405 3243 attinent
428 3200 466 3243 ea
495 3180 638 3261 exempla
660 3179 715 3244 ubi
744 3179 950 3262 participium
972 3178 1051 3244 illud
1075 3201 1145 3243 cum
1173 3179 1331 3244 infinitivo
1354 3182 1485 3246 coniun-

263 3293 350 3348 ctum
374 3291 429 3349 est.
469 3284 588 3348 Verum
608 3285 682 3350 licet
705 3279 735 3349 oi
758 3277 946 3367 βουλόμενοι
970 3285 1114 3349 absolute
1130 3286 1268 3368 positum
1285 3285 1360 3351 ferri
1376 3288 1484 3370 possit,

264 3389 502 3455 tamerrHaasii
526 3412 589 3454 non
611 3391 766 3473 probatur
789 3391 980 3467 emendatio,
1003 3413 1074 3454 curn
1090 3391 1235 3475 scriptor,
1259 3399 1295 3457 ut
1310 3393 1390 3458 talia
1412 3416 1485 3476 pro-

263 3495 370 3572 ferret,
393 3496 493 3560 multo
521 3495 699 3578 simplicius
723 3496 826 3560 dicere
848 3497 986 3580 potuerit
1018 3485 1068 3560 ὅτι
1093 3491 1123 3560 oi
1154 3489 1343 3580 βουλόμενοι
1368 3496 1482 3581 ἐπιμε-

262 3601 399 3666 λεῖσθαι
420 3597 477 3688 τῆς
497 3589 609 3688 ἇρευῆς
632 3589 686 3683 οὐχ
710 3596 816 3665 ἱκανοί
839 3597 903 3666 εἰσι
925 3627 954 3666 κ.
972 3626 1000 3666 υ.
1017 3601 1045 3666 λ.
1085 3603 1187 3668 Multo
1208 3605 1310 3686 magis
1326 3605 1483 3670 Dindorfii

263 3708 386 3772 arridet
414 3709 586 3785 sententia,
621 3710 675 3791 qui
706 3708 745 3772 de
775 3709 929 3792 ampliore
960 3709 1053 3774 huius
1085 3710 1146 3774 loci
1174 3712 1290 3775 lacuna
1324 3712 1483 3794 cogitavit.

262 3812 326 3879 Sed
349 3814 408 3879 etsi
436 3821 509 3898 post
536 3801 621 3877 iinon
652 3814 808 3897 quaedam
836 3815 956 3898 perisse
987 3836 1050 3879 non
1080 3822 1146 3880 tam
1176 3817 1387 3901 improbabile
1417 3839 1483 3882 esse
1535 3871 1539 3880 .

262 3919 402 3996 duxeris,
424 3919 567 3984 faciliore
590 3927 696 3986 tamen
719 3921 843 3986 ratione
865 3920 1071 3986 offensionem
1097 3922 1158 3988 loci
1182 3924 1251 3988 tolli
1274 3931 1432 4007 putamus,
1455 3925 1482 3989 si

263 4025 376 4090 vitium
398 4026 432 4089 in
455 4027 526 4108 ipsa
548 4048 623 4095 voce
647 4015 731 4090 ὅπου
754 4035 934 4110 quaeratur.
981 4026 1082 4092 Huius
1106 4029 1189 4094 enim
1212 4029 1339 4112 primae.
1356 4030 1483 4096 litterae

353 4255 373 4322 ¹)
392 4253 422 4308 11.
436 4271 456 4308 c.
470 4271 495 4322 p.
507 4257 567 4310 733.
594 4255 660 4309 Post
670 4247 710 4310 ὅτι
725 4255 848 4310 excidisse
862 4263 936 4309 ἐστιν
948 4260 1009 4312 ante
1023 4255 1149 4311 Oobetnm
1163 4256 1215 4310 inm
1228 4258 1318 4311 Morus
1331 4259 1482 4313 coniecerat.
