3236 4894
708 285 747 341 33

113 491 250 575 Lycurgi
278 495 481 573 praeceptum
508 488 594 572 quod
625 489 668 552 ad
694 496 856 554 externam
883 489 1021 553 militum
1051 489 1185 572 speciem
1215 509 1333 571 augen-

23 607 24 616 ’
114 598 188 662 dam
210 618 247 661 ac
270 596 496 660 terribiliorem
516 595 711 660 reddendam
735 595 858 678 aliquid
877 597 981 660 ualere
1004 595 1156 662 videatur.
1196 595 1332 660 Omnino

23 717 24 722 ’
114 713 222 768 autem
249 703 470 785 Xenophontis
503 703 645 766 animum
676 702 866 766 delectatum
896 722 963 765 esse
997 703 1136 783 specioso
1169 701 1332 765 bominum

114 833 151 874 ac
174 830 278 873 rerum
302 815 432 891 aspectu
454 809 557 872 multa
573 808 686 872 docent
710 809 862 890 exempla,
886 828 1021 889 quorum
1037 807 1159 870 nullum
1183 807 1332 871 adhunc

114 917 217 979 locum
234 917 335 997 magis
352 914 510 997 quadrare
525 914 651 978 videtur
666 935 763 997 quam
780 913 865 996 quod
881 913 1014 994 legimus
1039 913 1073 975 in
1087 910 1199 996 Cyrop.
1212 913 1257 976 VI
1270 921 1299 989 4,
1315 923 1330 976 1

115 1007 279 1108 ἤστραπτε
299 1018 359 1102 μὲν
380 1017 497 1101 χαλκῶ,
522 1006 617 1106 ἤνθει
641 1017 677 1084 δὲ
701 1014 862 1107 φοινικίσι
885 1015 979 1082 πᾶσα
1002 1006 1021 1104 ἦ
1045 1009 1188 1102 στρατιά.

325 1213 372 1279 XI
397 1222 447 1278 10.

199 1324 236 1425 ἢν
259 1360 293 1423 με
315 1329 377 1424 μὴν
398 1329 482 1401 κατὰ
504 1329 549 1420 τὰ,
567 1325 711 1418 εὗώνυμα
735 1334 892 1418 πολέμιοι
915 1331 1106 1425 προσίωσιν,
1143 1323 1216 1398 ουδὲ
1238 1331 1333 1400 τοῦτο

113 1440 219 1523 ἐῶσιν,
244 1431 313 1507 ἄλλ’
337 1431 534 1508 ἆπωθοῦσιν
556 1430 576 1530 ἢ
600 1438 760 1519 ἐναντίους
782 1430 981 1518 ἀντιπάλοις
1008 1432 1082 1518 τοὺς
1103 1432 1216 1522 λόχους
1240 1439 1332 1526 στρέ-

113 1569 229 1636 φουσι·
253 1549 310 1612 καί
334 1537 433 1626 οὕτως
454 1535 493 1613 αὖ
516 1539 533 1612 d
556 1536 628 1612 κατ’
646 1536 739 1634 odedu
760 1540 854 1630 λόχος
875 1535 955 1634 παρ’
972 1535 1102 1610 ἀσπίδα
1117 1542 1329 1611 καθίσταται.

202 1655 295 1718 Ηιιοο
317 1656 428 1730 locum,
453 1677 546 1737 quem
569 1655 666 1719 ceteri
690 1655 849 1737 explicare
872 1655 1046 1719 omiserunt
1069 1661 1100 1717 et
1122 1653 1332 1718 Schneiderus

111 1758 296 1839 intellegere
325 1781 357 1824 se
386 1760 523 1840 negavit,
553 1760 682 1823 uberius
706 1759 855 1823 tractavit
882 1759 1031 1834 Haasius,
1060 1759 1112 1822 cni
1135 1780 1211 1822 num
1234 1758 1333 1822 adsti-

110 1864 218 1947 pulari
246 1865 341 1928 liceat
370 1864 541 1930 videamus.
588 1865 647 1928 Est
675 1871 781 1928 autern
811 1885 912 1928 sermo
942 1863 981 1927 de
1011 1865 1079 1929 acie
1102 1870 1133 1926 et
1156 1864 1333 1929 conversio·

111 1971 207 2036 nibus
230 1973 384 2036 exercitus
407 1971 558 2052 Spartani
582 1978 679 2052 atque
703 1969 920 2052 superioribus
942 1977 1094 2034 narratur
1116 1970 1192 2052 quid
1216 1970 1333 2035 milites

111 2083 219 2158 agant,
236 2098 307 2140 cum
323 2077 417 2158 longo
434 2076 545 2140 ordine
567 2074 801 2158 proficiscentes
825 2059 847 2139 a
867 2073 970 2139 fronte
987 2077 1035 2140 vel
1051 2081 1140 2156 tergo
1155 2074 1204 2139 vel
1220 2075 1333 2140 dextra

112 2183 154 2246 ab
187 2183 334 2246 hostibus
363 2188 545 2264 urgeantur.
590 2182 701 2264 Neque
730 2181 863 2245 dubium
892 2187 940 2245 est
965 2181 1051 2264 quin,
1083 2203 1154 2245 cum
1176 2188 1271 2246 antea
1293 2181 1333 2245 de

111 2288 208 2368 longo
231 2288 368 2369 agminis
389 2287 516 2351 hostilis
540 2286 651 2351 ordine
671 2309 691 2350 a
714 2286 826 2350 dextra
848 2286 1038 2352 adventante
1054 2287 1189 2362 dicatur,
1205 2287 1246 2351 ad
1270 2287 1330 2351 hoc

113 2413 238 2474 quoque
260 2392 460 2456 enuntiatum
481 2393 639 2472 pertineat
663 2389 721 2455 ἐπὶ
743 2389 845 2478 κέρως
866 2389 1099 2478 πορευομένων.
1143 2393 1331 2458 Ostenditnr

111 2497 196 2562 enim
219 2497 376 2580 quomodo
399 2498 517 2562 milites
539 2498 635 2579 longo
651 2499 777 2580 agmine
792 2499 853 2563 iter
868 2497 1019 2564 facientes
1034 2520 1148 2563 manus
1165 2505 1333 2564 conserant

110 2625 181 2668 cum
212 2602 357 2668 hostibus
392 2604 446 2687 qui
481 2603 591 2670 eodem
621 2605 747 2686 agmine
777 2627 798 2668 a
820 2605 952 2668 sinistra
983 2604 1219 2686 aggrediantur.
1264 2604 1333 2668 Iam

109 2710 214 2774 haesit
243 2709 453 2775 Schneiderus
481 2711 515 2774 in
544 2709 648 2774 verbis
677 2697 867 2774 οὐδὲτοῦτο
894 2705 999 2788 ε’ῶσιν,
1031 2697 1100 2773 ἀλλ’
1123 2697 1328 2787 ἇπωθοῦσιν,

110 2837 193 2898 quae
215 2836 255 2878 ne
278 2815 398 2880 Haasio
421 2817 550 2899 quidem
572 2817 651 2881 satis
674 2817 872 2898 placuerunt.
917 2815 1027 2880 Nihilo
1050 2816 1155 2879 minus
1178 2815 1230 2880 hic
1253 2816 1334 2879 inte-

110 2940 202 2999 grum
236 2940 302 2982 esse
336 2921 440 2984 locum
475 2923 650 2986 arbitratus
680 2923 759 2986 haec
789 2923 854 2986 fere
875 2921 1005 3004 profert.
1051 2921 1123 2986 Non
1146 2920 1334 2984 incredibile

109 3044 178 3088 esse
190 3023 237 3087 ait
252 3025 336 3106 quod
354 3027 473 3091 scribat
488 3026 676 3110 Xenophon,
697 3034 820 3092 servato
838 3028 934 3093 etiam
952 3028 1038 3109 longi
1054 3027 1191 3109 agminis
1208 3026 1332 3092 incessu

110 3129 269 3193 studuisse
297 3130 563 3210 Lacedaemonios
595 3131 717 3198 efficere
756 3140 793 3198 ut
826 3133 932 3197 hostes
966 3133 1120 3198 instantes
1151 3140 1209 3198 aut
1238 3134 1333 3216 plane

110 3233 200 3298 abire
222 3241 280 3298 aut
307 3236 349 3299 ab
371 3236 437 3300 alia
459 3244 551 3319 parte
574 3239 722 3303 accedere
746 3245 901 3320 cogerent.
947 3240 1030 3304 Sane
1052 3238 1224 3303 admodum
1246 3240 1330 3322 peri-

109 3339 250 3404 culosum
274 3361 340 3405 esse
363 3341 475 3407 ordine
496 3365 560 3407 non
581 3349 704 3408 mutato
726 3343 839 3410 faeiem
861 3350 983 3408 vertere
1006 3345 1234 3422 sinistrorsum,
1257 3366 1333 3427 quo-

108 3445 197 3509 niam
227 3445 275 3511 ita
306 3467 370 3511 non
400 3447 464 3513 sint
493 3448 587 3513 duces
610 3450 645 3513 in
668 3450 790 3527 fronte3
828 3452 970 3535 potuisse
993 3457 1100 3515 tamen
1123 3450 1183 3516 hoc
1207 3471 1334 3533 quoque

108 3549 178 3614 fieri
209 3552 383 3634 aliquando
412 3555 447 3618 in
472 3577 507 3621 re
536 3555 644 3621 subita
673 3563 730 3620 aut
760 3556 816 3620 ubi
847 3557 947 3622 hostis
976 3561 1237 3621 contemneretur.
1283 3555 1334 3620 lta

107 3656 172 3732 ille,
201 3657 257 3738 qui
284 3660 390 3726 nescio
418 3681 459 3724 an
492 3661 621 3743 singula
649 3663 744 3730 huius
774 3663 836 3728 loci
864 3663 961 3728 verba
982 3683 1095 3745 parum
1118 3660 1330 3744 perpenderit.

106 3761 257 3842 Legimus
287 3765 383 3828 enim:
421 3752 459 3851 ἢν
481 3788 515 3852 με
534 3758 597 3854 μὴν
619 3759 703 3831 κατὰ
725 3759 767 3831 τὰ
790 3755 935 3850 εὐώνυμα
958 3765 1115 3850 πολέμιοι
1138 3761 1329 3852 προσίωσιν,

108 3853 339 3932 οὐδὲτοῦτο
371 3865 510 3950 εἰῦσιν,
533 3872 555 3935 i.
579 3895 604 3937 e.
634 3873 661 3936 si
683 3894 757 3937 vero
780 3894 800 3937 a
823 3873 955 3938 sinistra
977 3874 1084 3938 hostes
1107 3871 1270 3949 accedant,
1292 3893 1332 3936 ne

106 3971 168 4036 boo
202 3973 330 4055 quidem
362 3975 480 4040 sinunt.
524 3975 729 4042 Manifestum
763 3984 811 4042 est
842 3979 924 4042 illud
958 3975 1053 4043 τοῦτο
1083 3976 1264 4061 significare
1291 3967 1330 4040 τὸ

106 4069 183 4154 τοὺς
193 4074 370 4160 πολεμίους
385 4072 468 4144 κατὰ
484 4071 525 4144 τὰ
540 4068 683 4164 εὐώνυμα
698 4080 872 4167 προσιέναι
887 4090 983 4167 atque
999 4085 1129 4150 verbum
1144 4077 1328 4169 προσίωσιν

107 4204 173 4247 non
201 4185 255 4284 de·
274 4185 358 4252 facto
387 4185 443 4250 sed
473 4185 512 4251 de
541 4193 658 4252 conatu
690 4187 762 4254 dici.
808 4187 914 4266 Quare
942 4189 1012 4255 falli
1043 4189 1169 4256 videtur
1191 4187 1331 4253 Haasius

108 4289 193 4371 quod
222 4290 397 4374 Spartanos
431 4292 526 4376 longo
557 4293 684 4376 agmine
717 4300 842 4360 servato
874 4318 945 4360 cum
979 4294 1125 4360 hostibus
1154 4290 1334 4360 conflixisse

1150 4407 1168 4464 3
