3236 4894
724 277 764 334 47

130 486 309 569 appellasse
331 505 388 548 suo
411 483 480 547 iure
495 481 704 546 Schneiderus
720 479 892 559 contendit,
915 482 965 546 eui
983 481 1126 564 plerique
1142 487 1354 546 assenserunt.

131 593 245 675 Itaque
275 591 336 655 hoc
358 610 416 673 pro
439 594 524 652 certo
547 588 612 651 iam
633 587 815 653 habendum
844 608 911 652 esse
932 594 1089 671 putemne,
1118 593 1244 670 praeter
1267 587 1353 651 locos

131 719 210 781 quos
233 696 396 762 mutilatos
420 715 487 758 esse
509 691 602 758 facile
630 694 732 759 elucet
754 693 978 760 commentario
1007 693 1046 758 de
1068 713 1133 776 rep.
1157 693 1230 757 Lac.
1252 713 1354 777 neque

131 804 279 869 idoneam
301 823 407 866 rerum
430 800 687 884 explanationem
710 820 812 884 neque
833 800 961 883 plenum
979 806 1011 864 et
1025 800 1213 864 concinnum
1229 798 1354 863 dicendi

132 931 231 993 genus
260 909 367 974 deesse
396 927 529 988 eumque
558 906 591 969 in
615 907 746 990 propria
768 928 805 970 ac
824 905 978 988 peculiari
1000 904 1134 970 materia
1156 904 1267 970 ordine
1290 905 1355 970 dis-

133 1015 238 1099 posita
267 1015 314 1080 ita
336 1013 456 1078 versari
488 1020 522 1077 ut
545 1033 615 1076 curn
647 1013 710 1077 alio
732 1011 815 1077 libro
839 1011 981 1094 quamvis
1005 1011 1102 1075 simili
1125 1032 1188 1076 non
1210 1010 1355 1078 videatur

134 1123 320 1186 coniunctus
343 1119 448 1185 fuisse.

223 1227 292 1292 Iam
314 1231 479 1290 uteorum
504 1209 559 1306 qdi
582 1223 775 1288 breviarium
799 1223 948 1289 essehoc
976 1223 1162 1306 opusculum
1184 1222 1356 1305 opinantur

134 1334 182 1397 ita
204 1354 244 1397 ne
267 1334 304 1399 G.
327 1335 364 1396 A.
387 1328 558 1414 Sauppii1)
581 1329 708 1413 quidem
737 1329 895 1395 sententia
922 1329 1037 1413 placet.
1084 1328 1145 1405 Qui
1175 1327 1261 1410 quod
1292 1349 1356 1392 non

135 1439 317 1504 absolutum
348 1457 415 1502 esse
450 1435 533 1500 hunc
560 1435 704 1499 libellum
734 1434 788 1500 sed
822 1435 956 1519 speciem
983 1435 1087 1518 operis
1119 1435 1231 1518 primis
1259 1433 1357 1499 lineis

136 1545 327 1626 descriptam
351 1542 538 1618 arbitratur,
569 1541 610 1605 iis
633 1563 715 1623 quae
744 1541 838 1605 modo
870 1541 1101 1625 disputavimus
1131 1541 1209 1605 satis
1247 1540 1358 1606 redar-

140 1649 258 1730 guitur.
301 1648 384 1712 Nam
405 1647 587 1712 mutilatam
615 1647 759 1730 opusculi
788 1647 1006 1712 condicionem
1034 1647 1096 1730 ipsi
1120 1667 1187 1711 esse
1210 1646 1358 1729 scriptori

139 1752 341 1818 tribuendam
357 1775 517 1835 nunqnam
538 1752 709 1817 credemus.
748 1751 846 1816 Nemo
866 1751 1016 1835 profecto,
1039 1753 1098 1816 etsi
1114 1752 1233 1836 primas
1253 1752 1357 1816 lineas

138 1859 249 1936 ducat,
277 1866 368 1924 tanta
390 1859 534 1924 socordia
562 1860 665 1923 utitur
687 1866 724 1922 nt
746 1879 828 1942 quae
852 1859 939 1924 omni
965 1879 1058 1923 sensu
1082 1864 1113 1922 et
1135 1858 1357 1923 coniunctione

137 1971 269 2030 careant
296 1966 330 2029 in
360 1965 525 2030 schedulas
556 1964 700 2030 coniciat.
747 1963 878 2030 Gonoise
909 1964 994 2030 enim
1023 1965 1071 2030 vel
1099 1965 1194 2029 etiam
1223 1963 1359 2046 abrupte

138 2079 170 2135 et
193 2071 261 2135 sine
284 2070 437 2135 sermonis
455 2072 559 2136 nitore
581 2078 677 2154 atque
700 2072 846 2136 ubertate
869 2070 1037 2134 scribimus
1053 2091 1136 2152 quae
1151 2069 1266 2134 deinde
1288 2090 1359 2152 per-

137 2177 271 2260 polituri
301 2177 408 2254 simus,
438 2177 535 2242 seda
564 2199 642 2242 sana
671 2178 705 2242 in
736 2163 902 2242 scribendo
932 2183 1037 2240 mente
1069 2197 1134 2240 non
1160 2175 1267 2242 deficit
1297 2177 1361 2241 nisi

138 2283 195 2366 qui
216 2283 285 2366 ipse
307 2285 440 2347 insanus
464 2283 514 2347 sit.
1131 2275 1135 2296 ⁸

227 2389 341 2471 Itaque
370 2410 440 2452 cum
468 2395 499 2452 et
529 2387 672 2452 oratione
701 2390 887 2472 opusculum
911 2396 942 2453 et
971 2395 1158 2470 argumento
1191 2387 1360 2471 perfectius

138 2495 182 2559 sit
197 2515 294 2577 quam
310 2494 395 2577 quod
421 2515 484 2557 non
501 2494 542 2559 ab
565 2494 635 2577 ipso
651 2492 862 2577 Xenophonte
884 2494 1065 2559 absolutum
1088 2516 1126 2559 ac
1148 2494 1234 2559 foras
1250 2494 1361 2559 datum

138 2621 330 2678 censeamus,
359 2601 492 2665 lacunae
522 2600 589 2666 eius
612 2606 644 2664 et
673 2600 929 2682 perturbationes
952 2600 1015 2664 nisi
1044 2599 1087 2664 ad
1112 2607 1289 2684 temporum
1312 2601 1362 2665 in-

139 2707 256 2771 iuriam
280 2707 422 2772 revocari
444 2728 508 2771 non
538 2713 680 2790 possunt.
725 2706 836 2798 Neque
859 2706 941 2770 enim
965 2707 1032 2771 veri
1061 2706 1162 2771 simile
1185 2727 1252 2772 esse
1274 2706 1363 2772 duci-

139 2834 210 2876 mus
238 2812 404 2877 librarium
433 2814 578 2896 quamvis
609 2813 827 2895 neglegentem
854 2820 951 2894 atque
981 2812 1143 2878 socordem
1171 2813 1278 2877 omnia
1304 2812 1362 2877 illa

140 2917 220 2981 vitia
243 2919 446 2982 commisisse.
492 2917 597 2994 Quare
619 2939 678 2982 nos
701 2919 746 2983 sic
774 2919 953 2994 statuimus,
983 2918 1240 3000 antiquissimum
1263 2940 1364 3002 quen-

141 3023 215 3086 dam
232 3044 294 3105 quo
310 3022 362 3086 hie
378 3023 622 3087 commentarius
639 3024 854 3089 contineretur
869 3024 989 3089 librum
1005 3023 1202 3108 eundemque
1217 3024 1364 3110 archety-

142 3148 219 3208 pum
241 3129 392 3210 temporis
421 3128 654 3211 longinquitate
686 3151 882 3213 summopere
910 3129 1064 3196 afflictum
1087 3130 1194 3206 fuisse,
1227 3153 1364 3196 comma-

142 3231 301 3308 culatum,
335 3233 523 3299 dissolutum
530 3259 538 3309 3
573 3235 607 3298 in
640 3236 744 3318 prima
779 3243 883 3301 autem
919 3243 1121 3319 extremaque
1153 3237 1274 3320 pagina
1308 3258 1365 3302 neo

141 3336 246 3401 minus
274 3360 331 3421 per
360 3339 520 3421 reliquum
548 3340 675 3422 saepius
703 3341 846 3406 libellum
872 3342 1063 3424 scripturam
1094 3341 1191 3407 fuisse
1217 3349 1286 3407 tam
1307 3343 1366 3408 ob-

141 3451 301 3508 scuratam
338 3450 375 3509 ut
410 3445 575 3528 scriptoris
606 3446 704 3510 verba
733 3454 791 3511 aut
814 3448 866 3511 vix
894 3455 951 3513 aut
973 3449 1101 3513 omnino
1133 3470 1196 3513 non
1224 3449 1288 3513 iam
1314 3470 1366 3514 co-

143 3555 381 3628 gnoscerentur.
402 3539 408 3550 '
426 3551 495 3615 Iam
518 3552 759 3634 grammaticum
780 3554 886 3618 neseio
910 3574 1016 3637 quem,
1040 3576 1110 3618 cum
1141 3554 1266 3636 singula
1289 3553 1366 3618 folia

143 3674 202 3717 sna
226 3675 323 3737 opera
353 3656 485 3721 collecta
508 3659 743 3741 composuisset,
772 3660 896 3725 omissis
921 3661 961 3724 iis
985 3681 1068 3743 quae
1095 3667 1272 3743 temporum
1295 3659 1367 3723 diu·

143 3759 299 3825 turnitate
322 3763 523 3828 evanulssent
544 3765 669 3848 reliqua
692 3765 895 3848 descripsisse
917 3765 1087 3830 admodum
1109 3765 1279 3847 diligenter
1302 3787 1367 3831 ser-

144 3872 228 3929 vata.
268 3867 319 3930 Ita
341 3867 426 3931 enim
448 3890 504 3933 cur
525 3891 590 3934 non
613 3871 715 3934 solum
739 3877 825 3936 totae
848 3873 1024 3937 sententiae
1043 3871 1097 3936 sed
1121 3872 1249 3953 singula
1272 3872 1367 3937 etiam

146 3970 243 4035 verba
272 3972 476 4055 membraque
513 3975 626 4040 mediis
660 3976 694 4039 in
729 3976 902 4041 enuntiatis
933 3978 1107 4042 exciderint
1135 3977 1286 4043 facillime
1314 3998 1368 4042 ex-

237 4309 257 4375 ¹)
274 4308 305 4363 L.
325 4324 345 4361 c.
364 4308 444 4376 praef.
464 4325 489 4378 p.
502 4309 602 4365 XXIX.
