3236 4894
860 239 900 296 58

774 323 985 330 ---.--

271 438 331 504 fius
348 440 374 525 1)
403 440 592 523 suspicatur,
622 461 805 524 quanquam
835 444 942 526 potuit
971 465 1047 507 sane
1070 443 1102 507 id
1126 442 1205 519 fieri,
1239 443 1293 507 rix
1316 448 1418 506 tamen
1440 449 1482 506 est

272 545 357 628 quod
379 546 552 610 credamus,
591 546 698 610 PrIma
713 548 796 611 enim
812 548 880 613 eius
896 547 1010 631 capitis
1026 549 1184 613 sententia
1200 547 1338 613 dilucide
1353 548 1482 614 ostendit

163 653 176 674 ⁴
270 643 476 716 antecessisse
510 652 590 716 talia
624 652 740 735 quibus
775 654 1016 718 Lacedaemonii
1050 655 1090 719 ob
1132 654 1332 738 disciplinam
1355 653 1483 737 Lycurgi

271 757 350 822 bene
372 758 572 822 observatam
596 758 812 835 laudarentur,
835 768 931 842 atque
955 760 1157 824 statuendum
1181 761 1261 824 foret
1278 759 1376 824 aliurn
1392 779 1482 842 quen-

272 864 355 940 dam,
377 862 582 946 Xenophonti
605 865 778 947 aequalem,
801 866 918 930 librum
942 866 1104 948 scripsisse
1127 865 1222 930 huius
1239 865 1383 949 opusculi
1399 885 1484 945 argu·

271 976 378 1033 mento
401 969 606 1045 simillimum,
629 991 668 1034 ex
691 992 753 1052 quo
776 978 878 1036 totum
902 971 962 1036 hoc
984 980 1081 1053 capnt
1102 971 1302 1054 desumptum
1318 979 1407 1034 esset.
1430 969 1484 1034 Sed

272 1075 333 1138 hoc
361 1075 454 1139 modo
485 1096 548 1139 non
571 1076 696 1141 tollitur
719 1076 941 1160 discrepantia,
972 1077 1027 1140 sed
1050 1099 1071 1140 a
1094 1076 1304 1160 Xenophonte
1327 1076 1369 1140 ad
1394 1076 1484 1139 alium

270 1181 455 1263 scriptorem
477 1180 675 1248 transfertur.
722 1181 831 1264 Neque
854 1183 1038 1265 posterioris
1062 1183 1177 1246 aetatis
1200 1182 1406 1263 grammatico
1432 1181 1486 1244 hoc

270 1293 365 1369 caput
386 1308 458 1351 cum
481 1286 622 1350 WeisIrio
640 1287 667 1372 ⁹)
690 1288 874 1362 tribuemus,
898 1289 925 1351 si
947 1288 1098 1370 temporis
1119 1288 1204 1370 quod
1219 1287 1361 1352 continet
1375 1286 1486 1351 indIcia

270 1413 334 1456 non
357 1393 670 1475 praetermiserimus.
716 1393 823 1457 Verba
846 1397 930 1458 enim
953 1391 1005 1456 νῦν
1027 1390 1063 1456 δὲ
1086 1385 1172 1456 πολὺ
1181 1390 1316 1475 ’μᾶλλον
1338 1415 1483 1479 πραγμα-

270 1489 416 1562 τεύονται
441 1486 533 1574 ὅπως
554 1485 703 1582 δι’ρξοισιν
725 1485 744 1560 i
767 1487 859 1575 ὅντως
882 1484 967 1578 rigabo
991 1490 1105 1562 τούτου
1128 1495 1257 1562 ἔσονται
1279 1498 1314 1583 (ξ
1338 1501 1373 1580 5)
1399 1498 1487 1562 scribi

274 1623 338 1668 non
373 1612 543 1686 potuerunt
576 1612 649 1686 post
678 1626 815 1687 pugnam
846 1605 886 1668 nd
911 1605 1105 1668 Mantineam
1128 1604 1254 1680 factam,
1289 1605 1408 1688 quippe
1430 1625 1486 1686 qua

276 1731 351 1793 opes
375 1709 604 1792 Spartanorum
633 1710 712 1774 adeo
736 1709 855 1776 fractae
889 1711 952 1775 sint
985 1719 1021 1774 ut
1049 1710 1087 1776 de
1116 1711 1247 1792 imperio
1278 1709 1486 1794 recuperando

272 1837 336 1880 non
359 1816 424 1879 iam
446 1816 631 1899 cogitarent.
655 1817 762 1880 Etiam
785 1817 902 1898 prioris
925 1817 1075 1899 temporis
1097 1816 1247 1880 indicium
1266 1817 1300 1880 in
1321 1817 1375 1881 his
1390 1816 1486 1881 verbis

271 1922 368 1985 inest:
393 1911 468 1984 οἶδα
493 1913 551 2006 γὰρ
574 1912 730 2007 πρότερον
751 1919 811 2003 μὲν
826 1917 1112 2004 Λακεδαιμονίοις
1131 1916 1336 2007 αἱρουμένους
1352 1916 1437 1985 οἴκοι
1450 1911 1486 1983 τὰ

269 2026 387 2112 μέτρια
416 2023 545 2107 ἔχοντας
576 2017 726 2114 αλλήλοις
762 2030 900 2091 σινεῖναι
929 2025 1051 2109 μᾶλλον
1078 2015 1098 2114 ἢ
1126 2017 1324 2113 ἁρμόζοντας
1359 2025 1394 2090 ἐν
1422 2028 1487 2100 ταῖς

272 2123 390 2195 πόλεσι
419 2131 476 2195 καὶ
505 2131 775 2214 κολακευομένοις
798 2129 1057 2220 διαφθείρεσθαι
1081 2136 1115 2217 (ᾖ
1133 2133 1176 2218 2),
1206 2134 1324 2216 quippe
1348 2153 1481 2216 quaeso

273 2245 414 2318 tempore
443 2239 562 2321 scripta
592 2239 657 2303 sint
685 2261 755 2302 cum
785 2239 966 2304 harmostae
989 2238 1311 2304 Lacedaemoniorum
1341 2240 1437 2304 etiam
1457 2237 1486 2300 in

271 2344 405 2408 urbibus
439 2344 692 2420 dominarentur;
733 2345 796 2408 iam
831 2366 903 2408 vero
938 2353 1009 2427 post
1036 2365 1176 2427 pugnam
1198 2346 1397 2411 Leuctricam
1423 2343 1486 2427 qui·

271 2471 403 2533 cumque
437 2451 470 2514 in
495 2451 702 2534 Peloponnesi
737 2452 873 2536 aliisque
908 2451 1033 2535 oppidis
1068 2451 1276 2534 aSpartanis
1309 2452 1485 2516 harmostae

272 2565 364 2621 erant
397 2558 562 2621 constituti
596 2558 637 2621 ad
670 2579 767 2622 uuum
798 2579 905 2621 omnes
929 2557 1051 2640 expulsi
1075 2567 1155 2621 sunt.
1172 2557 1200 2642 3)
1243 2558 1389 2640 Denique
1412 2574 1486 2640 quac

272 2662 313 2726 ad
342 2662 437 2728 finem
469 2663 564 2726 huius
594 2664 708 2745 capitis
738 2664 888 2744 leguntur
917 2665 1027 2728 verba:
1066 2660 1117 2727 uin
1139 2660 1176 2727 δὲ
1198 2661 1316 2727 πολλοὶ
1340 2685 1485 2749 παρακα-

188 2761 191 2768 ’
271 2765 380 2832 λοῦσιν
402 2757 555 2856 ἀλλήλους
579 2766 637 2832 acl
660 2759 698 2832 τὸ
721 2759 909 2833 διακιολλειν
931 2755 1024 2855 δρξαι
1041 2760 1141 2832 πάλιν
1157 2757 1271 2846 adroic
1293 2775 1369 2833 ante
1385 2787 1486 2852 pacem

273 2875 506 2939 Antalcidicam
528 2875 707 2957 conscripta
734 2895 802 2938 esse
825 2881 993 2956 nequeunt,
1040 2874 1121 2938 Nam
1144 2866 1246 2938 πάλιν
1268 2896 1328 2938 vox
1351 2875 1399 2939 ita
1422 2881 1487 2938 tan-

271 2989 337 3045 tum
361 2980 504 3061 intellegi
526 2988 630 3062 potest
652 2989 687 3044 ut
708 2979 949 3045 Lacedaemonii
970 2981 1119 3044 amissum
1143 2981 1311 3064 imperium
1333 2980 1391 3045 illo
1415 2987 1487 3044 tem-

271 3107 348 3169 pore
370 3087 506 3150 voluisse
527 3087 693 3151 restituere
716 3085 872 3150 dicantur.
917 3087 1099 3151 Amiserant
1121 3095 1228 3152 autem
1251 3087 1336 3170 quod
1359 3087 1433 3151 inde
1449 3084 1485 3148 ab

358 3387 377 3452 ¹)
399 3387 449 3440 Hic
475 3387 544 3440 enim
570 3388 596 3440 in
625 3387 686 3442 edit.
715 3387 795 3454 praef.
823 3405 847 3455 p.
867 3387 932 3440 XIV
959 3389 990 3440 ut
1017 3387 1146 3456 reliquum
1175 3388 1292 3440 libellum
1312 3388 1486 3456 Xenophonte

268 3475 352 3528 multo
370 3491 426 3529 esse
444 3477 611 3543 posteriorem
631 3479 707 3544 putat
725 3477 764 3529 ita
782 3492 837 3542 cap.
856 3475 921 3528 XIV
940 3476 1082 3544 antiquiori
1101 3476 1180 3529 alicui
1198 3477 1320 3544 scriptori
1338 3476 1440 3530 tribuit.

358 3565 379 3630 ⁵²)
399 3563 438 3618 Cf.
459 3564 514 3616 eius
533 3563 593 3619 edit.
614 3582 637 3633 p.
660 3567 701 3619 10.

358 3657 379 3719 8)
398 3652 438 3707 Cf.
458 3651 572 3706 Pausan.
598 3652 665 3704 VIII
684 3655 726 3720 52,
745 3653 762 3705 4
786 3658 970 3720 κεκακιομείὀν
994 3651 1023 3705 δὲ
1049 3647 1100 3718 ἤδη
1125 3647 1157 3705 τὸ
1179 3645 1330 3718 Ἑλληνικὸν
1354 3649 1451 3706 Κόνων
1473 3643 1487 3701 d

273 3742 408 3808 Τιμοθέου
431 3746 476 3793 καὶ
500 3735 715 3809 Ἐπαμεινώνδας
739 3734 906 3806 ἀνεκτήσατο
931 3733 945 3792 ὁ
965 3737 1138 3809 Πολύμνιδος,
1163 3735 1178 3793 ὁ
1196 3745 1248 3809 μὲν
1272 3746 1300 3792 ἐκ
1324 3741 1380 3793 τῶν
1397 3738 1488 3806 νὴσιον

267 3834 311 3880 καὶ
328 3822 379 3881 ὅσα
399 3826 535 3901 ἐγγυτάτω
554 3825 704 3894 θαλάσσης,
723 3823 939 3897 Ἐπαμεινώνδας
958 3826 987 3880 δὲ
1006 3833 1033 3879 ἐκ
1052 3829 1108 3880 τῶν
1119 3826 1225 3882 πόλεσιν
1243 3829 1299 3881 τιῦν
1313 3823 1368 3883 cirri>
1381 3826 1486 3881 ιλαλασ-

269 3937 316 3983 σηο
335 3911 391 3969 rivo)
409 3917 636 3986 Λακεδαιμονίων
653 3912 701 3972 τας
720 3911 837 3988 φρουρὰ»Ί
854 3922 898 3968 καὶ
918 3910 1055 3986 ἁρμοστὰς
1074 3915 1230 3984 ἐκβαλόντες
1248 3924 1292 3969 καὶ
1311 3915 1485 3988 δεκαδαρχίας

267 4002 495 4067 καταπαύσαντες,
527 4007 566 4059 IX
585 4010 609 4072 6,
634 4007 651 4060 4
673 4006 856 4076 κρατηθέντες
883 4003 913 4057 δὲ
936 4002 1009 4076 μα’χῃ
1029 4011 1091 4075 περὶ
1111 4001 1253 4076 Κόρινθόν
1270 4027 1300 4057 τε
1318 4012 1362 4058 καὶ
1382 4010 1412 4057 ἐν
1432 4009 1485 4056 Κο-

268 4099 366 4164 ρωνείᾳ
396 4095 506 4145 νικῶσιν
535 4081 615 4149 αὖθις
638 4098 667 4145 ἐν
686 4091 833 4163 Λεύκτροιε
862 4090 1083 4163 ἐπιφανεστάτην
1110 4099 1193 4159 νίκην,
1220 4087 1320 4149 δπὸσαε
1343 4099 1486 4166 γενομέναίΙ

262 4176 389 4247 Ἕλλησιν
402 4183 480 4250 ἴσμεν
491 4177 561 4233 κατα
573 4176 715 4249 Ἑλλήνιον·
734 4186 779 4232 καὶ
792 4179 968 4250 δεκαδαρχίας
987 4202 1016 4232 τε
1036 4174 1066 4236 de
1085 4179 1298 4250 Λακεδαιμόνιοι
1316 4188 1486 4246 κατέστησαν

268 4275 298 4322 ἐν
316 4275 374 4325 ταῖς
392 4267 503 4323 πόλεσιν
522 4274 643 4323 ἔκαυσαν
660 4277 705 4322 καὶ
724 4263 861 4340 ἁρμοστὰς
879 4264 940 4324 roris
959 4267 1134 4340 Σπαρτιάτας
1153 4268 1332 4338 ἐκβάλλουσιν.
