3236 4894
737 196 777 252 M

149 402 277 485 quidem
307 402 420 467 miram
450 401 601 484 proponit
622 401 827 476 sententiam,
865 420 935 463 oum
958 398 1142 475 Helleuica,
1176 397 1370 480 Agesilaum,

149 508 357 592 Apologiam,
384 507 509 572 libellos
538 507 578 571 de
612 529 679 590 rep.
702 507 775 570 Lao.
808 512 838 571 et
861 505 900 570 de
923 527 987 587 rep.
1011 504 1085 568 Ath.
1116 504 1267 587 reliquias
1303 524 1370 567 esse

94 619 96 624 ’
148 615 236 679 dicat
257 615 352 678 unius
375 613 479 697 operis
508 613 671 696 amplioris
701 634 763 695 quo
787 611 965 694 Xenophon
995 631 1046 675 res
1068 610 1143 673 inde
1166 611 1206 674 ab
1230 615 1369 674 extremo

149 721 234 786 bello
256 721 522 803 Peloponnesiaco
546 740 647 802 usque
675 718 717 783 ad
739 739 864 800 pugnae
888 717 1072 781 Leuctricae
1100 724 1241 802 tempora
1264 723 1371 797 gestas

147 828 287 909 itemque
308 847 411 891 mores
428 826 670 890 Atheniensium
693 831 724 889 et
737 823 1058 889 Lacedaemoniorum
1081 823 1207 904 longius
1230 822 1370 904 descrip-

147 933 235 996 serit.
293 931 352 996 oui
386 931 505 996 rationi
540 952 579 994 ne
617 931 752 1012 speciem
786 929 914 1013 quidem
947 930 1049 994 inesse
1084 927 1370 992 uerisimilitudinis

147 1038 356 1103 Naumannus
367 1036 392 1122 1)
422 1037 500 1102 bene
528 1037 674 1102 ostendit.
728 1037 834 1118 Atque
863 1055 900 1098 ea
930 1035 1038 1118 potius
1068 1035 1164 1099 huius
1191 1033 1293 1098 libelli
1321 1040 1370 1098 est

146 1144 270 1208 indoles
293 1150 329 1208 ut
351 1165 420 1208 curn
443 1143 532 1207 nullo
563 1143 626 1207 alio
649 1141 871 1224 Xenophontis
895 1163 989 1223 opere
1012 1161 1176 1205 commune
1200 1140 1369 1224 quicquam

148 1250 298 1315 habuisse
318 1250 476 1328 videatur,
508 1249 637 1314 minime
664 1270 738 1313 vero
761 1269 832 1311 cum
855 1246 965 1312 libello
990 1248 1045 1329 qui
1069 1254 1115 1310 est
1138 1246 1177 1311 de
1199 1268 1264 1329 rep.
1287 1245 1371 1321 Ath,

147 1377 241 1438 quem
264 1377 366 1438 neque
389 1353 654 1438 Xenophonteum
685 1375 753 1418 esse
783 1374 886 1436 neque
913 1359 986 1436 post
1012 1353 1122 1417 Niciae
1149 1373 1259 1435 pacem
1288 1339 1372 1416 bom-

148 1463 287 1544 positum
310 1463 392 1526 inter
415 1483 522 1525 omnes
545 1467 678 1525 constat.
725 1459 785 1526 Sed
808 1461 981 1542 separatim
1010 1459 1071 1524 hoc
1098 1459 1137 1522 de
1160 1480 1223 1542 quo
1246 1459 1371 1540 agimus

147 1568 335 1649 opusculum
364 1576 400 1632 ut
430 1567 643 1649 couscriptum
672 1567 719 1630 ita
751 1565 997 1630 examinandum
1032 1587 1099 1629 esse
1130 1572 1226 1648 atque
1255 1563 1372 1629 diiudi-

148 1673 285 1735 candum
314 1680 534 1754 argumentum
563 1674 644 1747 eius‚
675 1673 774 1748 ratio,
808 1672 975 1753 dispositio
1008 1671 1168 1736 evidenter
1197 1671 1370 1736 declarant.

150 1778 253 1841 Causa
276 1777 358 1840 euim
381 1777 481 1841 libelli
504 1777 537 1840 in
561 1797 597 1840 eo
613 1784 758 1841 uersatur
781 1783 817 1839 ut
841 1764 1090 1862 ἐπινιγδείματοι,
1115 1777 1134 1839 i.
1152 1797 1177 1840 e.
1193 1775 1371 1857 disciplina,

145 1883 359 1956 oboedientia,
382 1882 573 1947 consuetudo
588 1881 917 1957 Lacedaemoniorum,
941 1881 1161 1946 describantur
1186 1903 1289 1964 neque
1311 1882 1371 1945 nri-

149 2009 210 2051 uus
233 1988 382 2052 laudibus
405 1987 577 2053 efferantur
594 2010 689 2070 quam
705 1987 852 2072 Lycurgi,
876 1988 931 2070 qui
951 1988 1008 2051 illa
1023 1988 1187 2063 creaverit,
1205 1987 1371 2070 sapientia.

148 2094 262 2170 Qualis
291 2095 424 2159 materia
452 2115 508 2157 cur
535 2094 689 2177 peculiari
718 2094 943 2158 commentario
974 2095 1105 2158 tractari
1138 2115 1201 2158 non
1231 2093 1373 2176 potuerit

147 2201 213 2264 dici
236 2201 361 2283 nequit3
384 2201 479 2265 immo
503 2200 643 2277 eandem,
666 2201 743 2283 quin
767 2201 889 2264 sincera
912 2201 978 2264 eius
1001 2200 1124 2264 indoles
1147 2201 1275 2283 periret,
1299 2221 1370 2263 cum

153 2306 217 2370 alio
239 2313 425 2388 argumento
442 2307 590 2387 coniungi
608 2307 735 2370 omnino
757 2328 820 2370 non
844 2306 968 2370 licebat.
1008 2305 1113 2382 Quare
1135 2306 1196 2371 hoo
1218 2305 1371 2370 concedas

151 2433 276 2482 necesse
306 2417 362 2488 est,
391 2411 418 2475 si
440 2410 631 2475 breviarium
664 2412 706 2474 sit
738 2411 790 2474 hio
812 2411 954 2487 libellus,
982 2413 1085 2475 maius
1109 2412 1188 2476 illud
1211 2411 1294 2474 unde
1318 2433 1371 2474 ex-

148 2524 278 2600 cerptus
301 2518 343 2597 sit
366 2539 444 2598 opus
467 2538 531 2581 non
554 2537 646 2599 posse
669 2517 731 2580 nisi
754 2516 793 2580 de
815 2517 891 2580 solis
921 2517 1016 2581 fuisse
1044 2516 1167 2597 legibus
1190 2517 1371 2600 Lycurgeis.

151 2622 263 2705 Neque
284 2630 389 2687 tamen
411 2623 526 2687 mirum
546 2623 670 2687 videtur
686 2623 772 2706 quod
787 2623 811 2686 ii
827 2644 906 2706 quos
921 2623 1081 2687 nominavi
1104 2623 1291 2704 interpretes
1307 2643 1371 2686 non

157 2729 262 2812 ipsum
278 2728 498 2813 Xenophontis
521 2751 600 2812 opus
623 2730 751 2812 plenum
775 2730 830 2794 sed
846 2729 1002 2812 epitomen
1026 2750 1093 2794 esse
1113 2729 1372 2793 commentarium

151 2835 192 2900 de
214 2857 278 2917 rep.
303 2836 376 2900 Lac.
405 2836 635 2900 existimarunt.
691 2836 772 2900 Nam
802 2842 1023 2918 praeterquam
1054 2834 1137 2918 quod
1168 2856 1231 2898 non
1261 2834 1371 2916 paucis

151 2948 201 3005 est
230 2940 352 3003 lacunis
382 2941 592 3014 dilaceratum
625 2941 726 3003 multa
755 2962 837 3022 quae
866 2940 907 3004 ad
937 2963 988 3006 res
1017 2940 1191 3022 Spartanae
1225 2940 1372 3022 legesque

154 3045 292 3128 Lycurgi
313 3044 516 3127 pertinebant
546 3044 663 3108 omissa
685 3052 774 3121 sunt,
804 3045 837 3110 id
867 3046 953 3127 quod
982 3047 1030 3110 vel
1064 3047 1147 3110 Plut.
1182 3045 1254 3130 Lyc.
1289 3067 1373 3110 com-

91 3146 104 3167 ''
151 3156 283 3230 paratus
317 3149 463 3214 ostendit.
516 3150 655 3213 Maxime
690 3157 794 3214 autem
824 3151 873 3214 illi
903 3151 945 3214 ad
967 3151 1050 3214 hano
1073 3152 1220 3215 videntur
1248 3158 1373 3216 senten-

151 3254 230 3317 tiam
253 3254 384 3319 adducti
406 3275 473 3320 esse
494 3255 563 3319 loco
587 3255 720 3339 Polybii‚
750 3256 805 3339 qui
828 3257 944 3338 legitur
968 3257 1012 3320 VI
1029 3264 1080 3334 45,
1099 3266 1135 3321 1:
1166 3254 1224 3321 ἐπὶ
1254 3255 1290 3321 δὲ
1317 3249 1373 3344 τὴν

152 3357 323 3446 Κρηνοιῶν
350 3357 520 3424 πολιτείαν
549 3353 751 3445 μεταβάντας
780 3349 870 3441 ἄξιον
900 3359 1074 3449 ἐπιστῆσαι
1106 3354 1189 3426 κατὰ
1213 3354 1269 3427 δίο
1299 3355 1372 3449 1ρὸ-

151 3489 236 3542 πο1·ς
259 3463 333 3542 πῶς
356 3461 387 3529 oi
410 3459 604 3552 λογιώτατοι
625 3465 688 3531 τῶν
710 3455 850 3553 ἆρχαιίον
873 3465 1082 3556 συγγραφέων
1097 3456 1247 3557 Ἔφορος,
1275 3467 1371 3537 Ξενο-

152 3569 236 3659 priv,
262 3570 505 3659 Καλλισθένης,
532 3564 673 3636 Πλάνιον
696 3571 825 3658 πρῶτον
852 3572 912 3657 μὲν
944 3565 1058 3656 ὁμοίαν
1087 3565 1170 3638 εἷναί
1202 3594 1286 3662 φασι
1316 3573 1372 3638 καὶ

151 3668 207 3764 τὴν
229 3666 324 3764 adalp
353 3675 392 3765 τῇ
416 3677 707 3762 Λακεδαιμονίων,
737 3672 880 3766 δεύτερον
909 3668 938 3744 d'
961 3672 1140 3768 ἐπαινετὴν
1169 3671 1373 3767 ὑπάρχουσαν

151 3771 417 3871 ἀποφαίνουσιν·
443 3767 487 3848 ὧν
511 3773 674 3871 οὐδέτερον
697 3774 821 3872 ἀληθὲς
843 3776 932 3872 εἶναι’,
948 3810 1005 3868 μοι
1030 3786 1130 3851 δοκεῖ.
1154 3787 1265 3871 Neque
1289 3787 1372 3851 enim

151 3896 208 3954 aut
229 3889 289 3954 hoc
311 3890 344 3953 in
368 3890 476 3955 libello
508 3899 563 3956 aut
585 3891 648 3956 alio
678 3893 746 3956 loco
772 3892 949 3956 laudandas
974 3914 1040 3957 esse
1068 3894 1152 3975 leges
1175 3892 1372 3958 Cretensium

152 3997 202 4060 vel
226 3995 346 4060 similes
362 3995 681 4061 Lacedaemoniorum
705 3998 862 4063 institutis
885 3998 950 4062 ullo
973 3998 1068 4064 verbo
1085 3999 1263 4082 Xenophon
1286 3999 1373 4075 dicit,

243 4225 498 4292 hLepfflm
