3236 4894
256 422 446 506 Quanquam
479 445 542 488 non
567 423 701 488 dixerim
725 423 874 506 Spartae,
903 423 959 487 ubi
981 424 1202 507 Xenophontis
1226 431 1330 489 aetate
1353 426 1435 490 cives
1459 450 1479 491 a

255 530 391 613 pristina
427 530 592 594 severitate
627 530 762 593 multum
799 529 1011 604 desciverant,
1048 531 1143 594 etiam
1177 552 1347 613 puerorum
1382 541 1479 617 atque

255 635 504 700 adulescentium
533 635 734 718 disciplinam
765 637 939 699 relaxatam
969 636 1080 710 fuisse,
1109 644 1215 702 tamen
1246 638 1369 702 tumida
1399 638 1480 703 haec

256 743 366 818 verba,
401 742 517 824 quibus
546 764 611 805 rem
650 763 746 824 supra
775 763 882 806 verum
918 742 1029 823 augeri
1059 743 1091 805 iu
1122 744 1290 825 propatulo
1321 750 1384 818 est,
1413 766 1476 808 non

255 848 402 912 videntur
425 847 519 912 abeo
543 849 661 930 scripta
684 869 751 912 esse
778 847 832 929 qui
849 849 1078 930 Spartanorum
1101 870 1204 913 mores
1226 850 1260 912 in
1283 848 1353 932 ipsa
1370 872 1478 914 eorum

256 954 334 1017 urbe
363 954 575 1036 spectavisset.
628 953 689 1020 Sed
720 954 820 1018 multo
850 961 897 1016 est
931 954 995 1016 veri
1032 953 1167 1018 similius
1200 956 1385 1037 scriptorem
1421 957 1477 1038 qui

255 1059 577 1124 Lacedaemoniorum
608 1061 768 1124 civitatem
797 1059 933 1123 maxime
956 1066 1158 1124 veneraretur
1182 1067 1213 1124 et
1241 1061 1374 1135 coleret,
1405 1083 1478 1125 cunr

256 1166 471 1229 adulescentes
503 1166 676 1248 Spartanos
705 1167 744 1230 oh
768 1165 955 1229 modestiam
985 1165 1164 1248 praedicari
1193 1167 1381 1240 audivisset,
1409 1190 1477 1231 reni

256 1270 318 1335 sibi
349 1273 472 1346 animo,
502 1278 538 1335 ut
567 1270 637 1336 fieri
661 1272 754 1347 solet,
786 1273 818 1335 in
844 1272 946 1334 maius
975 1270 1112 1334 tinxisse.
1158 1273 1293 1336 Omnino
1317 1294 1389 1336 vero
1420 1295 1479 1356 per

257 1385 358 1442 totum
381 1377 523 1441 libellum
554 1379 601 1441 ita
624 1378 759 1460 scriptor
782 1377 821 1441 de
836 1377 1009 1459 praeclaris
1032 1377 1176 1460 loquitur
1200 1378 1322 1458 legibus
1338 1377 1478 1462 Lycurgi

255 1491 292 1547 ut
315 1483 466 1566 quicquid
489 1482 543 1546 ille
567 1483 726 1566 sapienter
749 1483 924 1546 instituerit
945 1504 983 1546 ac
1007 1484 1204 1566 praeceperit
1234 1483 1479 1565 diligentissime

256 1591 351 1654 etiam
380 1590 421 1654 ab
443 1589 631 1672 aequalibus
655 1589 720 1652 suis
750 1588 910 1652 observari
942 1589 1035 1652 dicat.
1081 1591 1199 1654 Verum
1228 1597 1333 1654 tamen
1357 1591 1430 1656 inde
1456 1614 1479 1655 a

255 1696 392 1780 Lycurgi
427 1702 531 1760 aetate
558 1717 657 1777 usque
693 1694 733 1758 ad
769 1695 932 1777 scriptoris
967 1703 1109 1777 tempora
1141 1694 1377 1760 Lacedaemone
1411 1720 1477 1760 non

259 1824 359 1885 pauca
383 1803 417 1865 in
440 1802 579 1867 deterius
602 1809 693 1865 erant
716 1808 839 1865 mutata
862 1809 958 1884 atque
981 1801 1059 1865 adeo
1082 1809 1240 1884 corrupta,
1263 1803 1368 1885 prisca
1390 1825 1479 1866 seve-

254 1910 343 1983 ritas,
366 1909 476 1982 virtus,
500 1907 670 1989 disciplina
702 1908 798 1971 multo
830 1913 900 1972 erat
923 1907 1027 1970 laxior
1049 1908 1142 1982 facta,
1164 1916 1293 1972 strenua
1316 1930 1398 1991 quae
1421 1910 1479 1972 ille

255 2014 295 2078 ad
325 2015 430 2078 sidera
459 2014 543 2077 tollit
575 2020 744 2094 praecepta
777 2013 933 2094 paulatim
965 2012 1192 2076 obsoleverant.
1238 2013 1347 2078 Nihilo
1380 2015 1480 2079 setius

255 2121 390 2200 scriptor
420 2140 502 2201 quae
533 2119 607 2181 olim
636 2117 774 2200 Lycurgi
803 2125 835 2180 et
863 2125 930 2181 tum
961 2118 1061 2200 ipsius
1090 2125 1194 2183 aetate
1225 2127 1317 2184 eraut
1347 2121 1478 2184 omnino

223 2208 228 2216 ’
256 2227 421 2306 permiscet
444 2245 545 2304 neque
569 2231 746 2304 temporum
769 2223 869 2286 ullum
893 2223 995 2288 facere
1019 2223 1187 2288 discrimen
1210 2225 1345 2290 videtur.
1391 2226 1475 2290 Nam

195 2362 202 2368 ·
256 2353 338 2414 quae
361 2352 428 2412 cap.
456 2328 517 2395 Vll
546 2329 585 2392 de
606 2329 764 2392 communi
787 2330 925 2393 omnium
950 2330 1178 2411 Spartanorum
1202 2332 1370 2413 pauperie,
1394 2355 1478 2415 quae

256 2437 294 2500 de
318 2457 515 2500 nuurmorurn
544 2436 765 2516 magnitudine
794 2437 1000 2517 proferuntur
1030 2437 1064 2499 in
1094 2437 1257 2519 scriptoris
1287 2439 1477 2520 aequalibus

255 2545 301 2607 ita
324 2565 387 2607 uon
411 2541 566 2606 valebant.
621 2541 783 2624 Temporis
815 2542 897 2604 enim
924 2542 1173 2624 longinquitate,
1204 2543 1296 2607 hellis
1326 2565 1478 2626 prospere

255 2651 409 2732 peractis,
442 2655 596 2731 perpetua
629 2647 869 2728 peregrinorum
900 2648 1125 2711 consuetudine
1159 2670 1208 2713 res
1239 2649 1477 2713 Lacedaemone

256 2758 302 2820 ita
325 2761 467 2818 mutatae
490 2760 582 2817 erant
603 2761 640 2816 ut
662 2760 751 2816 vetus
774 2752 856 2815 illud
873 2752 1009 2836 Lycurgi
1033 2753 1184 2818 edictum:
1207 2751 1335 2840 yps-olor
1357 2777 1391 2839 γε
1413 2746 1478 2842 μὴν

255 2861 311 2925 καὶ
345 2849 492 2946 cippiprov
524 2855 699 2943 ἐρευνᾶται,
738 2845 798 2921 adiu
835 2853 868 2920 τί
905 2882 971 2921 rrou
1009 2857 1101 2946 φανῇ,
1141 2849 1158 2922 ὃ
1197 2855 1276 2940 ἔχων
1307 2859 1475 2948 ζημιοῐται

255 2968 384 3054 (11116)
422 2965 560 3047 Agesilai
590 2965 716 3047 quidem
745 2964 939 3046 temporibus
973 2965 1073 3029 tacita
1101 2965 1301 3048 indulgentia
1330 2969 1477 3048 neglege-

255 3082 352 3140 retur.
397 3072 481 3135 Num
504 3071 604 3152 igitur
626 3069 869 3152 Xenophontem
898 3092 969 3134 cum
993 3072 1127 3153 Spartae
1156 3080 1238 3137 esset
1266 3072 1476 3137 haecomnia

255 3180 426 3261 fugerunt?
465 3178 514 3241 Au
540 3177 618 3240 vidit
641 3177 766 3258 quidem
791 3176 845 3240 ille
868 3183 1007 3240 mutatos
1030 3199 1097 3241 esse
1119 3198 1220 3240 mores
1244 3179 1474 3260 Spartanorum

255 3294 412 3350 ettamen
437 3283 584 3365 antiquos
608 3282 796 3366 aequalibus
819 3282 886 3346 suis
908 3282 1044 3346 tribuit?
1099 3282 1221 3348 Callide
1243 3284 1289 3348 ita
1313 3292 1344 3349 11
1367 3284 1478 3348 dolose

255 3392 404 3455 mentitus
428 3411 495 3454 esse
518 3389 691 3464 videretur,
721 3388 821 3470 quod,
849 3389 992 3471 quamvis
1022 3396 1159 3472 augusta
1190 3390 1231 3454 sit
1252 3389 1477 3474 Xenophontis

255 3519 342 3562 meus
366 3518 468 3578 neque
498 3517 518 3558 a
540 3494 768 3577 praeiudicatis
797 3495 998 3577 opinionibus
1028 3495 1139 3572 libera,
1166 3502 1272 3560 tamen
1303 3496 1344 3560 ab
1375 3498 1474 3561 animi

255 3605 322 3667 eius
351 3602 554 3686 simplicitate
584 3607 615 3664 et
645 3600 826 3663 sinceritate
854 3601 994 3664 alienum
1025 3610 1081 3665 est.
1140 3601 1227 3678 Quae
1262 3625 1331 3667 cum
1365 3603 1412 3668 ita
1440 3625 1477 3667 se

254 3709 408 3784 habeant,
438 3708 528 3771 nohis
560 3707 685 3789 quidem
713 3705 912 3788 probabilius
942 3707 1066 3770 videtur
1099 3709 1282 3790 scriptorem
1319 3730 1399 3793 quae
1434 3709 1476 3772 de

255 3815 433 3879 domesticis
464 3814 693 3896 Spartanorum
721 3811 863 3876 moribus
897 3819 993 3895 atque
1021 3813 1178 3877 institutis
1206 3815 1301 3879 refert
1330 3836 1368 3878 ex
1398 3816 1475 3880 aliis

254 3921 412 3986 audivisse
449 3921 617 4002 ipsumque
654 3926 825 4000 antequam
864 3919 1008 3982 libellum
1049 3920 1200 4012 scriberet
1238 3920 1371 4003 Spartae
1408 3942 1473 3985 non

253 4028 357 4092 luisse.
403 4026 470 4090 laur
494 4047 564 4088 cum
587 4045 658 4086 vere
681 4025 757 4086 anui
782 4032 845 4088 391
869 4023 1046 4106 Xenophon
1070 4047 1140 4088 cum
1165 4027 1313 4108 Agesilao
1336 4047 1410 4108 rege
1433 4049 1474 4091 ex

254 4134 331 4196 Asia
361 4133 394 4195 in
424 4130 590 4195 Graeciam
622 4129 753 4193 redierit
783 4130 953 4213 eodemque
975 4152 1075 4206 anne,
1104 4139 1257 4213 quantum
1289 4139 1474 4215 computare

249 4239 335 4322 licet,
358 4244 431 4321 post
453 4257 593 4321 pugnam
623 4236 663 4300 ad
688 4235 862 4300 Coroneam
885 4236 1001 4301 factam
1024 4236 1159 4301 amicum
1188 4239 1231 4302 sit
1252 4238 1399 4321 Spartam
1423 4259 1476 4301 se-
