3236 4894
758 199 798 255 ὣ

170 405 253 488 quod
269 404 386 487 legitur
402 407 421 484 ξ
438 412 472 467 7:
494 400 662 488 τοιγαροῦν
685 391 775 479 ὅστις
797 389 836 466 din
852 397 980 488 πολεμῇ
1000 387 1118 476 αὐτοῖς,
1144 397 1247 462 πᾶσιν
1263 395 1386 478 ἔξεστιν

170 509 202 574 ἐν
223 508 261 598 τῇ
282 501 371 595 χώρᾳ
395 495 498 582 αἰτῶν
520 496 786 596 ἀναστρέφεσθαι
809 495 882 571 doru
901 499 1005 594 μάχης
1030 493 1123 582 ὅπως
1144 492 1183 570 ib
1197 497 1384 588 βούλωνται.

170 618 260 682 Certe
290 616 410 698 equites
432 614 600 678 Persarum
634 615 712 678 satis
741 635 809 679 esse
840 614 1025 678 metuendos
1053 613 1121 695 ipse
1150 619 1219 676 erat
1241 619 1389 694 expertus

169 744 239 786 cum
268 721 374 784 decem
399 721 592 786 Graecorum
624 721 714 784 milia
736 720 901 784 reduceret
924 727 956 783 et
978 728 1089 802 postea
1112 740 1182 782 cum
1207 718 1388 799 Agesilaum

168 830 200 891 in
223 827 300 891 Asia
330 826 502 890 bellantem
530 825 744 890 comitaretur.
798 825 897 890 Plane
931 825 1073 889 absurda
1109 831 1156 889 est
1193 844 1275 906 quae
1303 826 1387 904 §21

167 918 1400 1017 mmmmwmmfflfflwfflfflfflfflmmwo

168 1027 186 1126 ἢ
210 1032 241 1102 ol
265 1033 357 1124 φίλοι
380 1024 645 1124 ἀναστρέφονται.
692 1035 761 1100 lam
783 1037 861 1119 quid
875 1036 1074 1124 Eichlerus?
1111 1035 1282 1118 Nunquam
1305 1035 1352 1099 ait
1363 1034 1388 1119 ¹)

168 1143 415 1210 obliviscendum
451 1163 513 1207 nou
545 1164 643 1225 parvo
677 1142 750 1207 odio
780 1143 948 1207 Persarum
979 1147 1081 1206 totum
1112 1150 1208 1224 eaput
1237 1142 1390 1224 scriptum

168 1271 244 1324 esse,
266 1257 303 1313 ut
319 1270 382 1312 nou
405 1270 528 1312 summe.
551 1248 718 1330 diligentia
734 1249 880 1331 aequitas
896 1255 928 1312 et
945 1248 1062 1313 veritas
1078 1268 1200 1330 semper
1216 1251 1390 1312 serventur.

80 1345 84 1354 ’
170 1358 278 1437 Atque
300 1375 317 1418 e
340 1355 474 1436 singulis
497 1353 644 1437 deinceps
666 1355 887 1436 Xenophontis
910 1354 1059 1437 operibus
1079 1374 1131 1417 eos
1147 1351 1240 1418 affert
1255 1354 1283 1438 ²)
1305 1353 1391 1418 locos

169 1461 223 1544 qui
260 1460 308 1523 vel
342 1459 407 1524 odii
436 1460 486 1524 vel
515 1459 757 1542 contemptionis
786 1459 910 1542 aliquid
942 1460 1109 1524 Persarum
1139 1480 1217 1543 prae
1247 1480 1280 1524 se
1309 1459 1392 1524 ferre

168 1566 344 1632 videantur.
402 1567 519 1630 Verum
549 1565 667 1629 invisos
699 1564 795 1630 fuisse
827 1564 940 1630 Persas
968 1565 1173 1649 Xenophonti
1202 1572 1238 1630 ut
1269 1565 1391 1629 Graeco

167 1693 229 1736 uon
261 1671 378 1735 mirum
408 1677 473 1735 est:
511 1671 591 1735 illud
623 1671 798 1753 quaeritur,
833 1692 908 1734 uum
940 1671 1018 1735 satis
1042 1672 1084 1734 sit
1107 1672 1171 1734 veri
1195 1670 1297 1736 simile
1320 1692 1392 1734 eum

168 1778 223 1860 qui
255 1776 334 1841 alibi
367 1777 491 1841 cautius
514 1777 596 1842 serat
617 1776 736 1841 iudicia
760 1777 828 1840 sine
850 1777 965 1841 idonea
988 1797 1083 1840 eausa
1107 1798 1169 1840 uno
1192 1776 1262 1841 loco
1285 1783 1392 1841 tauto·

169 1905 245 1966 pere
279 1903 346 1948 esse
374 1883 447 1946 odio
476 1883 643 1965 abreptum
673 1891 709 1946 ut
738 1890 770 1946 et
799 1882 843 1946 rei
868 1883 1033 1946 veritatem
1056 1883 1235 1965 neglegeret
1258 1887 1289 1947 et
1313 1883 1391 1965 quid

171 1989 241 2070 ipse
263 1987 341 2051 alibi
356 1988 529 2052 iudicasset
544 1989 673 2052 minime
689 1996 824 2053 curaret.
849 1988 940 2065 Quod
957 1987 1048 2053 nobis
1063 1989 1118 2053 ille
1133 2009 1197 2052 non
1212 1989 1391 2072 persuadet.

171 2095 345 2177 Comparat
375 2115 450 2158 sane
480 2094 622 2158 libellum
652 2095 702 2158 cui
726 2095 893 2177 Agesilaus
924 2095 1118 2170 inscribitur,
1150 2114 1242 2177 quem
1266 2093 1392 2158 dicendi

170 2221 284 2284 genere
318 2205 349 2263 et
377 2200 496 2265 maiore
525 2200 664 2282 quodam
696 2200 850 2266 laudandi
887 2199 1147 2284 conviciandique
1183 2199 1288 2264 studio
1318 2199 1393 2263 huic

131 2339 134 2344 ¹
172 2307 297 2389 epilogo
320 2305 515 2369 simillimum
538 2325 605 2368 esse
627 2306 844 2384 concedimus3
867 2306 922 2371 sed
947 2306 1022 2370 licet
1043 2305 1264 2388 Xenophontis
1288 2306 1329 2371 sit
1341 2305 1393 2370 hie

173 2410 309 2486 libellus,
332 2432 397 2493 qua
420 2411 458 2474 de
481 2431 515 2473 re
538 2408 633 2474 hodie
655 2410 831 2487 dubitatur,
851 2418 958 2476 tamen
981 2412 1124 2495 Agesilai
1147 2412 1292 2476 laudatio
1315 2411 1393 2475 haec

154 2517 278 2614 ⁴potius
301 2524 348 2580 est
370 2537 466 2599 quam
489 2517 573 2580 vitae
597 2516 767 2600 descriptio
791 2523 822 2580 et
844 2523 1007 2581 oratorum
1022 2538 1109 2581 more
1132 2516 1345 2599 persuadendi
1361 2523 1394 2582 ot

172 2623 387 2687 commovendi
423 2643 520 2686 causa
551 2642 600 2686 res
630 2643 688 2705 pro
718 2622 851 2686 consilio
879 2623 1042 2705 scriptoris
1071 2623 1103 2686 in
1137 2622 1249 2687 melius
1279 2624 1328 2686 vel
1358 2623 1392 2687 iu

172 2729 312 2792 deterius
351 2735 516 2808 augentur.
569 2728 657 2808 Quae
694 2749 765 2792 oum
802 2729 849 2793 ita
887 2750 920 2793 se
958 2727 1112 2804 habeant,
1149 2728 1231 2792 nihil
1268 2727 1395 2811 proficit

172 2832 340 2897 Eichlerus
363 2833 448 2915 quod
472 2855 511 2897 ex
534 2834 709 2898 elocutione
725 2840 757 2898 et
778 2834 939 2917 cogitandi
956 2832 1135 2898 rationibus
1151 2833 1394 2917 Xenophontem

170 2938 289 3021 epilogi
312 2938 496 3020 scriptorem
519 2960 587 3003 esse
609 2940 738 3021 colligit.
754 2939 781 3024 ³)
820 2939 881 3005 Tot
903 2925 986 3004 euim
1010 2945 1137 3022 tamquo
1160 2961 1271 3021 graves
1294 2941 1328 3004 iu
1343 2940 1395 3004 his

171 3044 267 3110 rebus
298 3042 486 3110 offensiones
516 3046 693 3109 necessario
721 3045 885 3129 postulant
916 3052 961 3123 ut,
991 3047 1018 3110 si
1041 3067 1123 3129 quae
1145 3032 1395 3129 Xenophonteae

173 3149 333 3216 scribendi
357 3150 557 3215 iudicandire
580 3150 714 3216 rationis
737 3151 960 3216 similitudines
989 3154 1198 3229 inveniantur,
1230 3153 1269 3216 de
1291 3153 1396 3217 imita-

172 3264 241 3320 tore
263 3257 401 3339 quodam
424 3257 519 3333 illius,
543 3277 607 3320 uon
630 3257 669 3320 de
691 3259 761 3340 ipso
777 3257 991 3341 Xenophonte
1006 3260 1189 3340 cogitemus.
1214 3257 1305 3334 Quod
1320 3279 1394 3324 vero

171 3363 228 3426 alii
237 3363 265 3447 4)
283 3365 504 3428 existimarunt
521 3365 726 3446 posteriorem
738 3364 877 3446 aliquem
896 3365 984 3447 Reip.
994 3363 1066 3427 Lac.
1076 3364 1191 3446 epilogi
1204 3364 1287 3451 (cap.
1296 3364 1389 3448 XIV)

171 3469 325 3552 exemplo,
338 3469 510 3534 adductum
536 3469 651 3533 similia
672 3470 828 3534 nonnulla
851 3470 890 3535 de
905 3470 1085 3553 depravatis
1104 3460 1272 3535 Persarum
1296 3472 1395 3552 scrip·

160 3576 249 3670 ‚sisse
272 3575 413 3640 moribus
445 3582 477 3640 et
500 3575 716 3659 Cyropaediae
738 3575 916 3652 addidisse,
944 3575 977 3642 id
1004 3575 1204 3660 probabilius
1227 3575 1396 3651 videretur,

174 3681 201 3745 si
226 3679 268 3743 ad
286 3678 516 3763 Cyropaediam
539 3681 680 3763 epilogus
703 3681 812 3746 eadem
835 3684 1004 3764 respiceret
1023 3684 1147 3748 ratione
1163 3703 1226 3764 qua
1238 3702 1306 3764 cap.
1318 3679 1396 3746 XIV

263 3891 477 3960 bhopw

263 3979 546 4048 bhepfflmq

262 4070 283 4134 ⁸)
304 4067 334 4121 L.
353 4085 374 4122 o.
394 4084 418 4136 p.
439 4072 455 4125 6
474 4085 529 4137 sqq.

260 4158 283 4222 ⁴)
303 4156 454 4210 Dindorfius
472 4158 499 4210 in
510 4155 686 4226 Cyropaediae
704 4155 765 4210 edit.
785 4157 867 4226 (Lips.
880 4160 958 4224 1858)
976 4157 1056 4225 praef.
1069 4174 1094 4225 p.
1105 4156 1207 4225 XXIII,
1227 4155 1397 4210 Sohsnlrelius

171 4242 721 4314 lepemNmmmmlepffl
