3236 4894
669 349 879 356 ---.-—-—-—

162 473 246 536 Prut.
269 472 342 555 Lye.
369 481 407 536 17
433 467 581 556 γλίσχρον
614 461 673 555 γὰρ
696 456 806 546 αότοῖς
829 465 898 532 ἐστι
923 467 1064 547 δεῖπνον,
1097 457 1190 546 ὅπως
1212 456 1255 532 δι’
1276 459 1383 537 αῖτιόν

161 567 355 660 ἀμυνόμενοι
383 568 439 664 τήν
468 573 590 641 ένδειαν
612 564 853 661 ἀναγκάζωνται
878 573 1000 657 τολμᾶν
1021 574 1078 639 καὶ
1101 579 1300 661 πανουργεῖν.
1326 575 1383 640 καὶ

163 683 258 749 τοῦτο
280 682 340 766 μὲν
363 681 454 771 ἔργον
478 682 535 769 τῆς
553 671 768 768 όλιγοσιτίας·
793 673 953 767 πάρεργον
969 679 1006 745 δέ
1022 701 1104 769 φασι
1120 673 1175 769 τήν
1192 680 1255 746 τῶν
1271 675 1381 765 σωμά-

162 815 228 854 τιον
257 779 395 878 αόξήσιν.
426 788 557 877 φέρεται
589 781 647 874 γάρ
676 783 724 864 εἷς
745 786 857 874 μῆκος,
888 777 965 851 όταν
986 779 1024 850 τό
1046 785 1172 869 πνεῦμα
1192 779 1236 875 μή
1259 780 1383 876 πολλήν

164 894 225 984 σχῇ
248 889 415 984 διατριβήν
445 894 501 958 καί
531 883 686 974 ἀσχολίαν
709 885 776 957 ’ἀπὸ
800 885 952 980 πλήθους
974 891 1096 980 τροφῆς
1126 889 1174 971 εἰς
1195 886 1305 976 βάθος
1326 895 1382 959 καί

163 995 290 1080 πλάτος
312 995 510 1085 πιεζόμενον,
543 989 612 1064 ἀλλ’
636 987 702 1063 ἀνω
725 996 842 1086 βαδίζῃ
866 990 922 1063 dede
944 991 1129 1086 κουφότητα
1150 993 1382 1083 τοῦσώματος

163 1101 303 1186 ἐκλότως
338 1107 394 1172 καί
424 1104 544 1194 ῥαδίως
578 1097 794 1183 ἐπιδιδόντος.
826 1097 864 1168 τὸ
891 1094 920 1169 δ’
950 1094 1026 1168 αότό
1057 1105 1113 1169 καί
1143 1097 1259 1183 κολοός
1290 1107 1380 1172 δοκεῖ

164 1219 281 1280 ποιεῖν·
306 1210 340 1278 αῖ
365 1206 423 1301 γάρ
444 1210 550 1295 ι’σχναί
575 1212 631 1277 καί
660 1205 802 1277 διάκενοι
825 1209 948 1293 μᾶλλον
970 1210 1052 1290 έξεις
1075 1202 1275 1277 όπακοόουσι
1297 1205 1381 1299 πρὸς

161 1315 218 1409 τήν
245 1313 464 1408 διάρθριοσιν·
495 1315 529 1383 αῖ
553 1308 582 1384 δ’
607 1308 763 1405 όγκιόδεις
785 1317 840 1381 καί
865 1309 1068 1405 πολότροφοι
1092 1309 1147 1382 διὰ
1170 1310 1270 1403 βάρος
1292 1307 1380 1383 ἀντι-

159 1424 336 1511 βοίνοισιν,
370 1449 462 1510 quem
491 1427 633 1510 pleniore
662 1425 811 1490 essehoc
834 1425 942 1490 libello
964 1445 1056 1488 usum
1076 1424 1151 1488 inde
1174 1425 1257 1508 quod
1279 1425 1380 1520 dusius

160 1556 199 1598 ea
229 1535 268 1599 de
295 1557 330 1601 re
362 1533 512 1597 disseruit
540 1553 603 1597 non
634 1531 778 1596 efficitur.
791 1531 816 1615 1)
862 1531 964 1595 Multo
988 1531 1093 1594 minus
1116 1552 1197 1613 quae
1220 1533 1271 1596 Ps.
1295 1532 1378 1597 Plut.

161 1640 265 1704 instit.
289 1640 404 1704 Lacon.
429 1647 491 1703 237
509 1639 552 1702 ef
572 1637 713 1702 exhibet:
752 1633 899 1722 γλίσχρον
924 1628 984 1722 γάρ
1002 1625 1112 1713 αἰτοῖς
1139 1634 1209 1700 ἐστι
1237 1637 1378 1716 δεῖπνον,

159 1735 255 1821 ὅπως
277 1733 320 1808 δι’
345 1734 447 1807 αότῶν
470 1732 661 1824 ἀμυνόμενοι
683 1734 740 1828 τήν
764 1738 886 1805 ἔνδειαν
907 1734 1149 1826 ἀναγκάζωνται
1173 1741 1294 1825 τολμάν
1323 1743 1379 1807 καὶ

161 1853 362 1935 πανουργεῖν.
386 1841 423 1913 τό
453 1846 489 1912 δέ
520 1845 610 1933 ἔργον
631 1846 688 1935 τῆς
716 1843 879 1924 σιτοδείας
908 1840 964 1911 διά
986 1871 1021 1911 τε
1043 1846 1144 1911 ταῦτα
1164 1845 1312 1935 γλίσχρον
1333 1835 1378 1936 ἦν,

159 1943 201 2019 ἵν’
234 1951 410 2034 ἐθίζωνται
431 1952 597 2041 μηδέποτε
632 1950 783 2039 γίνεσθαι
811 1944 954 2040 πλήρεις,
990 1945 1152 2018 δόνασθαι
1187 1952 1224 2019 δέ
1256 1953 1377 2044 πεινῆν.
1467 2021 1473 2028 ,

159 2051 243 2125 οότω
261 2053 320 2146 γάρ
343 2048 445 2146 ήῖοντο
468 2059 524 2124 καί
542 2057 575 2122 ἐν
589 2057 726 2144 πολέμιμ
741 2057 997 2146 χρησιμωτέρους
1014 2055 1162 2139 ἔσεσθαι,
1187 2056 1216 2125 εί
1233 2052 1379 2127 δόναιντο

159 2166 216 2232 καί
237 2156 447 2254 ἀσιτήσαντες
471 2163 683 2252 ἐπιπονῆσαι,
708 2163 764 2228 καί
788 2162 1052 2251 ἐγκρατεστέρους
1074 2164 1111 2230 δέ
1127 2165 1183 2231 καὶ
1199 2155 1377 2232 εὐτελεστέ-

157 2298 241 2358 ρους,
265 2269 294 2338 εί
317 2269 421 2337 πλείω
436 2263 547 2358 χρόνον
562 2263 706 2357 διάγοιεν
721 2259 792 2335 ἀπὸ
806 2269 926 2356 μικρᾶς
943 2263 1099 2359 δαπάννγς·
1124 2263 1180 2359 τήν
1196 2261 1225 2337 δ’
1238 2261 1381 2361 ἀνοψίαν

157 2367 348 2468 ἀποφέρειν,
373 2376 419 2465 τῷ
434 2376 549 2465 βρῶμα
571 2369 608 2441 τὸ
630 2369 723 2458 τυχόν
738 2375 990 2466 προσφέρεσθαι
1012 2365 1113 2465 ᾤοντο
1129 2369 1323 2466 ὑγιεινότερα
1337 2372 1379 2444 τὰ

158 2476 297 2568 στόματα
319 2473 389 2548 ἀπὸ
410 2482 467 2571 τής
488 2475 697 2571 ἐλλειποόσνγς
720 2486 830 2547 ποιεῖν
851 2482 973 2571 τροφῆς
994 2484 1049 2548 καὶ
1073 2472 1179 2565 αῖξειν
1201 2481 1248 2563 είς
1269 2478 1380 2568 βάθος

159 2590 217 2654 καί
240 2582 367 2668 πλάτος
387 2582 432 2678 μή
456 2581 646 2672 πιεζόμενον
669 2586 817 2675 ἐπαίρειν
838 2585 886 2666 είς
909 2578 993 2672 (ὕφος
1014 2581 1208 2673 τὰσώματα
1223 2591 1280 2656 καί
1295 2584 1379 2657 καλὰ

157 2695 196 2762 δέ
213 2698 340 2761 ποιεῖν·
364 2689 422 2774 τὰς
444 2687 504 2782 γάρ
525 2687 636 2778 ίοχνὰς
658 2694 713 2758 καί
738 2693 906 2772 διακένοις
929 2692 1011 2774 έξεις
1028 2685 1204 2760 όπακοόειν
1225 2690 1309 2784 πρὸς
1323 2691 1379 2763 τίν

159 2795 372 2889 διάρθρωσιν,
402 2795 460 2880 τὰς
491 2799 527 2866 δέ
557 2793 782 2890 πολυτρόφους
811 2793 866 2865 διὰ
897 2792 996 2887 βάρος
1018 2789 1211 2884 ἀντιβαίνειν
1233 2804 1274 2868 ad
1298 2805 1379 2869 inte·

160 2909 301 2989 griorem
331 2929 458 2973 revoces
482 2908 586 2972 locum
608 2906 831 2990 Xenophontis
854 2928 979 2972 neeesse
1002 2912 1058 2983 est,
1093 2930 1164 2972 eum
1186 2908 1377 2976 Plutarohea

159 3014 227 3077 sint
253 3035 323 3077 oum
346 3012 584 3095 Xenophonteis
613 3014 779 3095 permixta.
825 3013 907 3078 Sane
936 3013 1061 3095 quidem
1093 3035 1157 3078 non
1187 3015 1234 3080 ita
1256 3015 1376 3099 impro-

160 3118 267 3183 babile
296 3124 343 3182 est
371 3118 468 3183 etiam
498 3117 537 3182 de
567 3117 703 3200 pulchra
725 3139 835 3182 eorum
858 3119 914 3200 qui
937 3119 983 3182 sio
1005 3118 1214 3186 educarentur
1235 3123 1379 3206 corporis

158 3223 262 3288 forma
284 3225 345 3288 hoo
367 3224 435 3287 loeo
459 3223 701 3306 Xenophontem
724 3224 865 3288 locutum
889 3245 964 3289 esse.
1003 3224 1064 3289 Sed
1086 3226 1269 3292 Dindorfius
1294 3229 1378 3311 quod

157 3330 332 3414 genuinam
367 3330 556 3394 sententiam
584 3329 666 3394 hane
696 3329 761 3395 fere
790 3329 886 3394 fuisse
908 3331 1084 3396 existimat:
1116 3329 1172 3396 καί
1202 3327 1249 3410 είς
1275 3333 1379 3422 μῆκος

158 3425 188 3500 δ’
212 3423 252 3500 δν
267 3424 465 3515 αδξάνεσθαι
480 3422 604 3521 <dioro
619 3434 676 3499 καί
704 3424 935 3521 εόειδεστέρους
957 3439 1006 3503 vel
1021 3434 1172 3515 καλλίους
1195 3434 1375 3524 γίγνεσθαι,

158 3533 243 3628 πρὸς
264 3529 476 3630 ἀμφότερα>
499 3533 555 3628 τήν
578 3533 691 3627 ῥαδινδι
713 3534 754 3605 τὰ
776 3533 912 3624 σώματα
934 3541 1094 3607 ποιοῦσαν
1115 3536 1236 3632 τροφήν
1256 3543 1379 3627 μᾶλλον

159 3640 392 3731 συλλαμβάνειν
407 3638 611 3736 χἡγησάμενος
632 3635 652 3735 i}
674 3639 730 3735 τήν
751 3639 1029 3712 διαπλατόνουσαν
1044 3648 1264 3715 difficultatem
1281 3673 1376 3734 quam

160 3748 256 3818 ve'rba
286 3756 406 3820 tradita
437 3753 577 3820 efficiunt
606 3776 670 3818 non
692 3754 786 3831 tollit,
810 3754 959 3836 quoniam
982 3741 1150 3843 ἀμφότερα
1176 3777 1236 3820 vox
1258 3757 1376 3840 partim

159 3866 244 3924 certe
264 3859 306 3923 ad
319 3861 415 3925 verba
435 3856 482 3938 εἰς
497 3859 600 3948 μῆκος
614 3848 812 3940 αόξάνεσθοιι
825 3861 1009 3942 respiceret3
1026 3867 1121 3944 atque
1133 3860 1270 3939 Stobaei,
1282 3884 1377 3946 quem

158 3972 284 4031 secutus
298 3965 481 4031 Dindorfius
502 3955 531 4031 δ’
543 3968 616 4050 pest
633 3963 737 4053 μῆκος
756 3965 873 4030 addere
888 3973 919 4030 et
935 3955 1132 4054 ήγήοάμενος
1147 3966 1283 4032 seribere
1299 3968 1376 4044 vult,

157 4072 237 4136 satis
267 4071 365 4137 dubia
387 4081 434 4138 est
457 4073 640 4148 auotoritas,
667 4092 738 4136 oum
762 4071 925 4154 scriptoris
959 4073 1014 4136 ille
1040 4071 1137 4136 verba
1161 4093 1216 4137 suo
1239 4073 1375 4139 arbitrio

248 4302 267 4369 ¹)
287 4301 347 4356 vid.
366 4302 435 4354 infra
455 4319 479 4369 p.
499 4304 541 4356 49.
