3236 4894
728 233 765 288 17

87 464 89 469 ·
140 435 290 500 hocloco
315 435 400 499 idem
422 442 514 500 sonat
538 435 623 518 quod
645 437 678 500 in
703 437 817 521 Cyrop.
841 437 915 512 Vl,
933 445 969 500 17
994 425 1039 498 tin
1063 435 1245 498 huiusmodi
1269 434 1358 519 (tali-

141 542 213 626 bus)
235 533 339 607 rebus'
375 548 472 624 atque
514 543 643 625 respicit
687 544 729 607 ad
772 565 809 608 ea
846 565 926 626 quae
964 548 1059 606 autea
1083 542 1121 604 de
1159 542 1356 623 quaestuosis

141 651 270 714 illorum
292 648 453 713 hominum
470 649 636 732 Spartanis
660 650 871 714 subiectorum
895 649 1008 713 studiis
1025 649 1110 712 dicta
1133 653 1231 712 erant.
1266 646 1360 712 Item-

142 777 203 839 que
226 756 313 819 clara
335 765 409 819 suut
431 757 527 820 verba
549 747 587 819 τό
618 779 653 842 ys
681 748 743 844 μὴν
774 753 810 835 ἐξ
830 746 952 820 ἀδίκων
972 749 1247 842 χρηματίζεσθαι,
1279 774 1361 835 quae

143 863 224 926 alias
248 862 351 926 nescio
376 861 453 944 quid
480 863 553 926 miri
576 863 739 926 haberent.
791 863 843 928 Sic
865 863 949 927 euim
978 883 1044 925 esse
1071 861 1156 924 dicta
1179 860 1361 922 viderentur

144 967 235 1049 quasi
267 962 404 1043 δικαίως
431 965 689 1054 χρηματίζεσθαι
721 968 890 1051 Spartiatis
919 968 1067 1032 licuisset.
1118 968 1236 1032 Verum
1265 966 1361 1048 paulo

142 1081 216 1138 ante
238 1074 417 1137 audivimus
440 1075 583 1151 omnino,
607 1076 671 1140 sive
694 1076 777 1139 iuste
808 1075 873 1139 sive
895 1075 1027 1150 iniuste,
1060 1073 1205 1156 quaestui
1235 1071 1362 1135 studere

144 1180 256 1243 vetitos
285 1201 351 1243 esse
380 1179 570 1262 Spartanos,
602 1181 718 1262 quibus
750 1181 920 1265 Lycurgus,
946 1177 1010 1243 τῶν
1037 1177 1096 1260 μὲν
1126 1166 1213 1264 ἀμφὶ
1241 1201 1362 1263 χρημα-

143 1275 257 1366 τισμὸν
290 1273 417 1348 ἀπεῖπε
451 1277 586 1372 μηδενὸς
620 1275 801 1350 ἅπτεσθαι.
862 1287 905 1350 At
934 1286 961 1350 si
995 1307 1031 1348 eo
1065 1307 1158 1367 quem
1193 1283 1259 1374 dixi
1292 1283 1362 1347 loco

143 1391 249 1455 deesse
272 1392 461 1456 sententiam
484 1393 646 1475 quandam
670 1394 849 1468 statuimus,
873 1392 968 1457 verba
990 1382 1027 1454 cd
1051 1413 1085 1475 ys
1106 1381 1168 1477 μὴν
1185 1439 1191 1452 .
1211 1439 1217 1453 .
1238 1439 1245 1452 ·
1264 1439 1270 1452 ·
1288 1413 1363 1475 let

143 1493 342 1578 ματίζεσθαι
371 1497 412 1561 ad
444 1493 572 1580 opifices
595 1499 644 1562 vel
673 1499 905 1564 mercennarios
936 1505 1081 1581 spectant
1112 1504 1206 1561 antea
1229 1517 1364 1560 comme-

143 1611 292 1680 moratos,
315 1604 431 1687 quibus
453 1605 488 1667 in
511 1605 625 1668 studiis
648 1591 723 1680 suis,
747 1612 784 1668 ut
806 1625 855 1668 res
875 1603 1028 1680 ferebant,
1052 1603 1187 1686 pecunia
1210 1602 1257 1666 uti
1280 1623 1364 1665 eam-

146 1730 207 1790 que
229 1710 312 1772 iuste
333 1731 448 1790 parare
469 1708 595 1784 licebat,
618 1710 735 1773 iniuste
758 1731 821 1772 non
844 1709 970 1774 licebat.

358 1867 436 1932 Vlll
462 1875 489 1932 2.

234 1988 268 2053 ἐν
299 1989 335 2054 δὲ
363 1989 402 2078 τῇ
426 1982 561 2078 Σπάρτῃ
592 1986 623 2054 oi
647 1983 816 2077 κράτιστοι
846 1988 901 2054 καὶ
924 1981 1120 2078 ὗπὲρχονται
1141 1983 1285 2074 μάλιστα
1307 1982 1380 2067 τὰς·

143 2084 242 2181 ἀρχὰς
264 2094 320 2160 καὶ
343 2095 389 2182 τῷ
411 2096 561 2160 ταπεινοὶ
585 2088 667 2160 εἶναι
695 2087 922 2183 μεγαλύνονται
951 2096 1015 2161 καὶ·
1037 2095 1083 2184 τῷ
1107 2085 1182 2160 ὅταν
1202 2094 1365 2160 καλῶνται

144 2200 306 2286 τρέχοντες
340 2191 421 2267 ἀλλὰ
454 2195 499 2290 μὴ
532 2197 719 2284 βαδίζοντες
752 2193 936 2283 brraaoc'etv,
977 2199 1167 2286 νομίζοντες,
1203 2191 1240 2291 ἢν
1275 2191 1365 2267 edroi

144 2300 328 2394 κατάρχωσι
350 2306 406 2372 τοῦ
422 2301 550 2396 σφόδρα
572 2304 769 2388 πείθεσθαι,
795 2307 943 2396 ἕψεσθαι
958 2308 1015 2373 καὶ
1037 2301 1112 2386 τοὺς
1127 2297 1259 2386 ἄλλους·
1286 2298 1366 2395 ὅπερ

147 2412 204 2476 καὶ
228 2411 401 2500 γεγένηται.

235 2520 376 2584 Haasius
409 2519 581 2603 perfectum
617 2519 780 2608 γεγένηται
812 2521 859 2585 ita
891 2520 975 2585 tueri
1010 2521 1132 2585 studuit
1167 2527 1202 2586 ut
1224 2541 1262 2584 ea
1285 2543 1367 2604 quae

144 2626 339 2708 praecedunt
367 2633 520 2690 nontam
557 2626 598 2690 ad
627 2627 776 2709 aequales
807 2627 971 2710 scriptoris
1006 2649 1101 2710 quam
1132 2627 1174 2690 ad
1198 2627 1366 2709 optimates

147 2731 321 2812 Spartanos
352 2732 490 2796 cuiusvis
519 2731 633 2796 aetatis
663 2732 822 2815 pertinere
854 2733 958 2798 vellet.
1004 2733 1065 2798 Sed
1090 2733 1164 2796 licet
1200 2733 1297 2797 verba
1335 2729 1368 2795 ἐν

147 2833 184 2899 δὲ
206 2833 244 2922 τῇ
268 2827 401 2923 Σπάρτῃ
424 2861 454 2900 κ.
471 2861 499 2900 τ.
513 2837 541 2900 λ.
566 2840 744 2920 generalem
767 2860 848 2922 quae
871 2840 905 2902 in
928 2861 1020 2904 omne
1036 2848 1160 2921 tempus
1176 2839 1280 2902 valeat
1297 2859 1368 2902 sen-

148 2942 281 3004 tentiam
312 2943 503 3018 contineant,
532 2945 688 3026 imprimis
716 2946 1000 3028 tamen'scriptor‚
1031 2945 1078 3008 uti
1101 2943 1166 3008 fere
1196 2965 1253 3027 per
1277 2945 1368 3008 libel-

148 3047 216 3111 lum
232 3050 266 3131 1),
290 3069 379 3115 suam
401 3056 538 3116 aetatem
561 3051 748 3132 designavit,
777 3051 824 3114 ita
852 3057 888 3114 ut
911 3049 1086 3134 perfectum
1109 3050 1190 3114 illud
1213 3051 1368 3133 explicari
1398 3035 1400 3046 ’

148 3161 295 3236 nequeat.
342 3153 434 3230 Quod
456 3155 664 3220 Naumannue
687 3163 803 3220 temere
827 3162 875 3220 est
897 3155 1065 3220 defendere
1088 3162 1220 3220 conatus
1243 3156 1288 3220 sic
1304 3157 1368 3220 fere

147 3259 324 3341 disputans.
337 3262 363 3343 2)
409 3260 588 3342 Significari
611 3264 658 3326 ait
680 3263 739 3326 hoc
762 3263 831 3326 loco
855 3262 1055 3326 notissimum
1072 3262 1212 3343 Agesilai
1235 3284 1273 3326 ex
1289 3262 1367 3326 Asia

145 3365 284 3429 reditum
307 3366 349 3450 (a.
374 3374 437 3432 394
462 3389 491 3432 θ.
515 3368 587 3433 Chr.
612 3367 672 3454 u.);
695 3368 780 3432 hunc
796 3369 889 3448 enim,
912 3389 982 3432 cum
1005 3369 1039 3432 in
1062 3367 1140 3432 Asia
1163 3375 1274 3432 contra
1295 3369 1369 3433 bar-

144 3472 241 3536 baros
271 3470 452 3537 felicissime
482 3474 672 3551 dimicasset,
709 3473 815 3538 subito
848 3474 894 3552 ab¹
921 3474 1047 3556 ephoris
1077 3480 1258 3538 revocatum
1294 3474 1367 3538 ilico
1445 3548 1449 3557 Ι

147 3577 381 3660 obtemperasse
415 3587 445 3644 et
475 3581 521 3644 sic
542 3578 681 3644 effecisse
709 3589 745 3644 ut
768 3580 883 3644 milites
907 3586 1019 3662 sponte
1040 3586 1256 3662 sequerentur.
1300 3579 1368 3642 Iam

148 3704 219 3746 cum
248 3683 448 3750 oboedientia
477 3686 619 3767 Agesilai
649 3686 776 3768 saepius
806 3685 992 3761 celebretur,
1021 3684 1104 3749 nihil
1135 3693 1256 3748 restare
1280 3683 1370 3748 dubii

146 3788 226 3870 quin
249 3789 329 3854 illud
352 3793 529 3874 exemplum
546 3791 751 3875 Xenophonti
774 3792 808 3854 iu
831 3791 1058 3856 conscribendo
1082 3790 1233 3855 hocloco
1258 3790 1371 3855 obver-

144 3900 249 3960 satum
279 3898 328 3964 sit.
375 3897 424 3962 lta
454 3898 481 3960 si
510 3919 560 3962 res
582 3921 615 3964 se
637 3896 764 3974 habeat,
787 3897 885 3962 verba
909 3886 989 3982 ὅπερ
1012 3895 1068 3960 καὶ
1092 3893 1264 3982 γεγένηται,
1289 3917 1371 3978 quae

143 4001 240 4066 aliter
264 4002 391 4066 inanem
414 4004 634 4086 repetitionem
658 4003 807 4081 efficiant,
836 4004 918 4068 nihil
941 4005 1005 4069 iam
1028 4024 1151 4068 movere
1169 3999 1368 4066 'offensionis
1392 4005 1396 4014 ’

237 4185 256 4249 ¹)
279 4181 335 4234 Vid.
354 4182 423 4234 infra
436 4199 460 4250 p.
481 4185 522 4237 54.

236 4276 256 4340 ⁹)
275 4274 314 4325 De
332 4272 513 4340 Xenophontis
531 4271 597 4324 libro
616 4287 671 4339 sqq.
690 4287 715 4339 p.
734 4275 767 4326 27
786 4287 841 4340 sqq.
