3236 4894
739 197 951 290 ..Et-

236 440 302 484 esse
323 418 529 502 Xenophonti
559 418 619 483 hoc
640 424 736 501 caput
758 420 898 486 censebit
926 419 993 484 sine
1015 419 1112 483 dubio
1140 418 1391 504 postreliqua1)
1420 419 1455 483 id

236 545 303 589 esse
325 525 539 608 conscriptum
562 531 694 601 statuet,
726 526 772 590 ita
795 526 921 609 quidem
952 530 989 589 ut
1012 547 1093 609 quae
1123 524 1281 590 adfinem
1312 525 1379 589 eius
1402 547 1456 590 ca·

235 631 311 714 pitis
345 631 498 713 perierint
532 632 630 695 totius
664 631 765 698 libelli
802 632 1037 714 perorationem
1070 630 1208 698 effecisse
1239 631 1455 716 videantur.2)

237 736 357 802 Contra
389 738 503 819 capitis
528 736 605 802 VIII
642 745 861 819 argumentum
893 739 1012 802 versari
1043 739 1129 802 vides
1163 739 1196 802 in
1229 739 1345 803 civium
1378 759 1456 820 erga

235 844 321 924 leges
355 844 556 908 oboedientia
590 849 686 926 atque
720 844 753 907 in
788 845 977 926 ephororum
1006 845 1129 926 origine
1158 853 1188 909 et
1218 866 1365 921 munere,
1400 845 1456 927 qui

237 949 438 1032 disciplinam
469 950 672 1014 domesticam
701 956 860 1014 tueantur.
918 950 1001 1026 Quid
1023 951 1102 1015 haec
1131 951 1191 1015 sibi
1225 951 1259 1015 in
1288 973 1326 1016 ea
1356 951 1457 1016 velint

236 1062 328 1138 parte
350 1055 406 1119 ubi
430 1054 469 1118 de
491 1045 524 1119 re
545 1056 679 1119 militari
709 1077 747 1120 ac
776 1056 916 1121 deduce
939 1056 1076 1120 militum
1107 1057 1238 1140 eiusque
1267 1055 1379 1120 officiis
1403 1078 1458 1120 cx-

235 1162 365 1244 ponitur
388 1183 478 1226 nemo
500 1162 664 1242 intellegit.
712 1161 848 1226 Miratur
871 1162 1010 1227 Steinius
1038 1184 1153 1227 munus
1180 1163 1363 1245 ephorieum
1392 1184 1456 1226 non

237 1268 300 1348 legi
331 1289 400 1332 cum
422 1268 509 1349 regio
538 1269 748 1362 coniunctum.
794 1267 887 1346 Quod
908 1275 1025 1332 temere
1045 1268 1131 1345 facit,
1154 1269 1302 1351 quoniam
1328 1269 1457 1334 omnino

237 1371 434 1440 differebant.
490 1375 594 1456 Atque
623 1395 679 1438 suo
711 1375 847 1457 scriptor
880 1375 949 1440 iure
972 1375 1011 1439 de
1043 1374 1234 1458 ephororum
1267 1395 1395 1440 munere
1423 1375 1458 1439 in

237 1481 344 1563 priore
367 1480 509 1561 opusculi
531 1488 622 1563 parte
645 1480 805 1557 disseruit,
827 1501 899 1545 curn
922 1482 1006 1562 leges
1028 1481 1179 1545 deberent
1200 1487 1298 1564 atque
1315 1481 1459 1563 discipli-

238 1607 311 1648 nam
335 1606 459 1650 servare
482 1586 695 1661 domesticam,
719 1585 757 1651 de
781 1607 891 1668 regum
914 1587 947 1650 in
971 1587 1153 1670 posteriore,
1177 1609 1248 1650 cum
1269 1587 1353 1652 domi
1376 1587 1458 1651 nihil

236 1694 301 1757 fere
324 1692 473 1768 valerent,
484 1691 512 1777 ³)
540 1692 573 1755 in
602 1692 685 1756 bello
714 1699 821 1756 autem
850 1692 942 1757 duces
971 1699 1075 1756 essent
1108 1693 1244 1757 militum
1274 1714 1458 1775 summaque

236 1797 416 1863 fruerentur
432 1799 630 1862 auctoritate.
669 1800 711 1863 At
727 1798 935 1883 Stobaeum4)
960 1799 1006 1862 ait
1022 1798 1161 1863 Steinius
1182 1798 1316 1863 eundem
1338 1799 1458 1882 ubique

236 1911 333 1987 atque
363 1905 605 1987 Xenophontem
636 1905 725 1986 sequi
756 1911 788 2000 et
818 1927 906 1987 capp.
937 1911 968 1968 et
1001 1907 1040 1985 ἐξ
1064 1926 1245 1982 numerum,
1281 1927 1319 1970 ea
1352 1911 1459 1970 autem

238 2032 320 2093 quae
343 2033 381 2075 ex
406 2033 472 2093 cap.
497 2009 576 2075 VIII
599 2009 712 2075 afferat
735 2017 807 2094 post
830 2017 935 2076 cetera
957 2011 1116 2093 posuisse,
1139 2011 1223 2074 uude
1246 2012 1367 2075 elucere
1388 2007 1465 2093 cap.¹

239 2117 316 2182 VIII
338 2117 428 2179 illum
451 2117 485 2178 in
508 2115 571 2179 fine
592 2116 693 2181 libelli
709 2117 893 2182 collocatum
917 2117 1082 2181 invenisse.
1123 2117 1214 2193 Quod
1237 2123 1457 2200 argumentum

239 2223 351 2305 quanti
374 2221 605 2286 aestimandum
627 2223 669 2286 sit
692 2244 708 2286 e
731 2223 968 2305 comparatione
991 2223 1039 2286 vel
1064 2244 1237 2306 paucorum
1264 2245 1342 2306 qnos
1366 2221 1459 2288 affert

239 2328 393 2394 Stobaeus
421 2328 562 2392 locorum
591 2326 684 2392 facile
707 2329 915 2408 cognoscitur.
959 2328 1108 2411 Legimus
1138 2329 1222 2394 enim
1254 2330 1287 2392 in
1317 2329 1458 2395 eiusdem

378 2434 550 2516 Florilegio
649 2435 664 2498 I
700 2443 739 2498 99
765 2434 908 2518 Xenoph.
926 2436 1098 2500 hlemorab.
1129 2435 1161 2500 II
1188 2443 1216 2512 6,
1235 2443 1274 2499 39

476 2592 484 2621 ,
679 2551 740 2608 roo
830 2592 847 2618 ‚‚
1008 2592 1025 2618 ‚‚
1147 2541 1217 2618 Ic,
1238 2551 1275 2606 13

488 2699 493 2723 ,
613 2649 675 2712 VII
703 2657 741 2713 73
833 2697 850 2723 ,‚
1011 2696 1028 2724 „
1117 2647 1163 2711 IV
1190 2655 1277 2724 6,10

477 2803 494 2831 ,,
701 2763 741 2818 74
832 2803 849 2831 ,,
1010 2803 1027 2830 ,,
1115 2753 1163 2817 III
1190 2762 1253 2830 9,1

478 2909 495 2936 ‚,
567 2858 674 2924 XXIX
702 2868 742 2925 94
834 2909 850 2935 ,,
1012 2908 1029 2935 ,,
1148 2861 1163 2924 I
1191 2867 1277 2937 257

477 3015 494 3042 „
700 2973 740 3031 95
831 3015 849 3043 „
1009 3014 1026 3042 ‚,
1146 2967 1162 3030 I
1190 2973 1276 3042 2,19

478 3121 495 3148 „
602 3071 674 3136 LIV
702 3080 743 3136 34
833 3071 1028 3156 Thucydidis
1117 3073 1163 3136 IV
1191 3078 1286 3148 92,5·

700 3186 740 3243 35
924 3226 942 3254 „
1136 3177 1164 3241 V
1191 3186 1255 3254 9,9

700 3291 740 3348 36
925 3331 943 3360 ,,
1089 3349 1091 3352 ,
1134 3282 1162 3346 V
1190 3291 1298 3360 103‚1

702 3397 742 3453 37
926 3436 943 3465 ,,
1134 3389 1162 3451 V
1189 3397 1252 3454 102

701 3503 742 3560 38
925 3543 943 3572 ,,
1134 3494 1162 3558 V
1190 3504 1219 3567 9,
1237 3503 1266 3570 8,

240 3625 321 3687 quae
344 3603 488 3685 exempla
510 3602 618 3666 inultis
642 3601 751 3683 augeri
784 3607 926 3684 possunt.
980 3599 1041 3665 Sed
1065 3600 1184 3664 nemini
1207 3601 1285 3683 quin
1309 3599 1465 3666 erraverit

241 3710 379 3776 Steinius
401 3709 465 3774 iam
489 3707 577 3772 dubii
601 3707 772 3790 quicquam
795 3707 936 3773 restabit.

331 3889 349 3951 ¹)
370 3885 482 3951 Excepto
501 3883 622 3936 videlicet
640 3883 724 3950 capite
742 3883 815 3950 XIV,
834 3881 865 3934 dc
884 3897 934 3950 quo
954 3881 1005 3934 vid.
1025 3880 1101 3934 infra.

330 3976 349 4035 2]
369 3973 430 4026 Vid.
449 3989 473 4040 p.
494 3975 528 4030 39
547 3988 584 4040 sq.
914 4041 927 4052 υ
1085 4043 1096 4054 u

329 4065 349 4130 3)
369 4063 425 4114 Huc
443 4063 498 4129 lpse
517 4061 628 4126 scriptor
646 4059 745 4112 fatetur
764 4058 860 4113 XV8:
893 4056 973 4128 uirtus
991 4061 1042 4124 μὲν
1066 4057 1113 4108 edu
1137 4055 1168 4106 αἱ
1188 4062 1265 4124 τιμαὶ
1289 4057 1355 4108 οἴκοι
1381 4055 1464 4118 ζῶντι

237 4149 348 4218 βασιλεῖ
365 4148 497 4212 δέδονται,
519 4142 597 4201 odde'u
615 4169 641 4198 τι
660 4141 727 4199 πολὺ
745 4140 942 4216 ducppe'pouout
961 4145 1017 4196 ardu
1037 4143 1187 4196 ἰδιωτικῶν.

329 4241 350 4307 ⁴)
369 4239 493 4306 Florileg.
513 4236 600 4290 XLIV
618 4237 731 4290 ‘rt-40.
