3236 4894
864 187 904 244 28

268 391 374 456 verbis
404 397 485 467 utar,
519 381 589 455 ‘etsi
620 398 704 456 recte
727 391 884 457 diceretur
908 381 926 454 ὃ
948 381 1035 476 ἀγὼν
1058 389 1133 478 περὶ
1157 389 1213 478 τῆς
1238 389 1341 480 treptie
1364 393 1403 457 de
1427 393 1498 456 uir-

268 503 337 561 tute
369 498 476 573 animi,
505 504 587 562 esset
617 504 724 562 tamen
754 505 912 564 certamen
937 498 975 562 de
997 499 1219 582 consequenda
1241 499 1340 562 animi
1362 499 1496 576 virtute,

198 636 203 646 ·
267 604 398 666 minime
420 625 493 668 vero
517 603 555 668 de
579 604 703 668 virtutis
725 603 967 669 candidatorum
990 606 1073 668 inter
1096 626 1129 670 se
1152 612 1406 687 comparatorum
1423 605 1494 670 vic-

268 710 361 773 toria.
418 709 583 774 Eiusmodi
624 717 782 774 certamen
823 731 934 792 graece
972 717 1027 781 est„
1058 697 1145 794 ἀγὼν
1177 707 1241 773 τῶν
1281 707 1397 796 ψυχῶν,
1437 711 1491 774 uti

267 806 428 896 orrpo'crcou
461 821 536 879 sunt
569 803 687 900 ἀγῶνες
721 816 777 898 qui
811 817 904 898 uulgo
941 812 1088 901 γομνικοί
1123 817 1324 881 vocabantur.
1369 815 1493 881 Contra

268 911 286 984 ὁ
310 917 385 1004 περὶ
408 919 464 1008 τῆς
488 919 590 1008 ι)ο,·χῆς
612 910 699 1006 ἀγών
727 943 837 1004 graece
866 929 914 986 est
937 923 1114 1004 periculum
1140 923 1233 998 vitae,
1256 929 1413 988 certamen
1438 924 1494 988 vel

267 1027 420 1090 iudicium
443 1028 527 1091 vitae
551 1035 581 1091 et
605 1029 699 1103 necis,
722 1029 807 1110 quod
831 1028 1031 1092 senatoribus
1054 1029 1243 1110 permissum
1267 1020 1356 1093 erat'.
1403 1029 1494 1093 Haec

267 1133 331 1208 ille,
355 1133 409 1215 qui
434 1131 638 1197 offensionem
660 1141 766 1198 tamen
790 1156 854 1217 qna
878 1133 1025 1198 seductus
1048 1140 1096 1200 est
1121 1133 1278 1198 Weiskius
1302 1155 1365 1198 nou
1387 1156 1494 1199 remo-

267 1238 322 1302 vit.
368 1238 448 1322 Nam
479 1239 512 1302 in
541 1248 651 1323 aperto
684 1247 731 1304 est
761 1238 857 1303 huius
887 1240 948 1306 loci
971 1240 1137 1304 uerborum
1162 1261 1232 1304 euni
1256 1259 1323 1304 esse
1346 1241 1494 1305 ordinem

267 1353 304 1407 ut
339 1344 419 1408 illud
450 1326 541 1421 οἶτος
565 1335 581 1407 ὃ
604 1333 691 1431 ἀγών
720 1346 754 1428 (ξ
778 1343 812 1429 3)
846 1345 1021 1410 necessario
1056 1345 1097 1409 ad
1131 1346 1227 1410 verba
1256 1343 1312 1408 τοῦ
1335 1344 1410 1429 περὶ
1433 1344 1494 1432 τῆς

267 1448 372 1537 ψυχῆς
405 1438 527 1535 ἀγῶνος
561 1452 594 1536 (ξ
624 1451 658 1534 2)
692 1452 851 1533 pertinere
886 1451 1042 1516 rideatur.
1102 1451 1259 1527 Quoniam
1293 1457 1400 1516 autem
1434 1453 1493 1517 ille

264 1543 355 1640 ἀγών
379 1557 412 1641 (ἓ
436 1557 469 1640 3)
503 1563 661 1621 certamen
685 1562 732 1621 est
754 1557 793 1620 de
815 1557 972 1639 dignitate
996 1558 1165 1635 senatoria,
1190 1549 1246 1620 bio
1269 1558 1303 1642 (ξ
1329 1558 1362 1644 2)
1393 1579 1491 1622 causa

267 1662 415 1744 capitalis
435 1663 484 1727 vel
507 1663 590 1726 vitae
613 1662 790 1741 discrimen,
814 1664 916 1729 altera
939 1684 999 1727 vox
1021 1662 1132 1728 referri
1156 1663 1197 1728 ad
1220 1664 1352 1728 alteram
1369 1666 1490 1746 nequit.

267 1768 335 1832 iarn
369 1768 464 1833 verba
497 1750 589 1845 οὗτος
623 1758 640 1831 ὁ
672 1755 767 1854 ἀγών,
801 1791 840 1834 ne
877 1751 968 1846 οἶτος
997 1770 1083 1833 omni
1107 1769 1137 1833 vi
1161 1776 1291 1845 careret,
1321 1771 1488 1836 referenda

267 1881 373 1939 essent
395 1875 436 1938 ad
459 1866 515 1961 τὴν
537 1872 643 1959 κρίσιν
664 1873 720 1962 τῆς
742 1870 903 1960 γεροντιός
925 1876 1027 1959 (§1);
1063 1895 1171 1938 verum
1194 1882 1309 1951 tamen,
1334 1883 1490 1957 quantum

270 2001 328 2043 nos
342 1980 465 2056 scimus,
474 1981 580 2044 nullus
594 1982 739 2063 scriptor,
757 1981 900 2062 quamvis
912 1981 1193 2056 festinarettalem
1208 1981 1360 2045 sermonis
1374 1982 1488 2046 obscu-

268 2087 395 2149 ritatem
432 2086 569 2150 admisit.
626 2086 755 2150 Accedit
784 2086 873 2149 aliud
901 2107 957 2150 our
986 2093 1177 2150 structuram
1207 2086 1303 2151 huius
1332 2087 1393 2150 loci
1425 2109 1488 2152 non

268 2191 425 2271 integram
456 2213 522 2255 esse
551 2192 772 2256 existimemus,
818 2193 866 2256 Ea
895 2192 978 2255 enim
1012 2191 1129 2274 quibus
1153 2195 1172 2272 ἓ
1197 2199 1215 2254 2
1239 2192 1354 2274 incipit
1376 2195 1487 2258 verba:

264 2284 464 2380 ἇξιάγοστον
488 2284 517 2359 d'
541 2284 637 2360 eicos>
659 2293 716 2360 καί
743 2298 790 2361 ita
819 2297 964 2362 videntur
988 2298 1050 2362 dici
1073 2298 1165 2379 quasi
1188 2318 1303 2362 novum
1326 2299 1487 2381 quoddam

267 2409 420 2484 sequatur
443 2402 484 2466 ab
508 2403 549 2468 iis
573 2424 655 2486 quae
678 2405 870 2468 antecedunt
886 2403 1053 2469 diversum.
1088 2402 1198 2467 Nihilo
1215 2405 1312 2468 setius
1327 2405 1361 2467 in
1378 2404 1485 2469 eadem

266 2508 411 2592 pergitur
443 2510 607 2586 sententia,
639 2510 666 2575 si
697 2510 825 2592 quidem
860 2517 892 2574 et
921 2509 973 2573 hio
1002 2515 1033 2573 et
1056 2531 1153 2592 supra
1176 2509 1215 2572 de
1239 2510 1365 2586 virtute,
1387 2510 1482 2573 hono·

267 2615 366 2691 ribus
389 2616 579 2680 auctoritate
601 2637 711 2679 senum
734 2615 909 2700 disseritur.
957 2615 999 2680 Et
1019 2622 1131 2680 contra
1146 2615 1334 2691 Weiskium,
1356 2614 1406 2698 qui
1421 2613 1477 2677 hoe

265 2741 325 2785 suo
349 2721 418 2785 iure
445 2727 621 2799 monuerat,
651 2720 770 2785 frustra
794 2720 1003 2786 Schneiderus
1032 2721 1187 2784 traditum
1210 2720 1377 2784 verborum
1401 2719 1481 2784 ordi·

259 2849 338 2890 nem
362 2825 528 2890 defendere
550 2826 672 2891 studuit
694 2826 795 2891 hisce:
817 2816 971 2909 ‘loquitur
995 2826 1121 2909 quidem
1145 2827 1184 2891 de
1206 2827 1319 2892 iisdem
1341 2827 1485 2903 senibus;

264 2932 323 2998 sed
346 2940 441 2997 antea
473 2933 511 2996 de
534 2935 720 2998 continuato
751 2951 859 2996 eorum
888 2933 1015 2996 virtutis
1039 2932 1144 2996 studio
1166 2954 1267 3015 usque
1289 2933 1330 2996 ad
1354 2939 1487 2997 mortem

263 3039 407 3115 dixerat3
441 3060 525 3102 nuno
554 3037 626 3103 infit
656 3038 695 3102 de
724 3039 844 3104 honore
877 3039 976 3104 eidem
1008 3038 1135 3102 virtutis
1167 3039 1272 3104 studio
1303 3039 1486 3104 continuato

264 3145 377 3209 addito
411 3133 619 3227 subiungere'
671 3144 753 3209 Nam
786 3165 849 3210 non
884 3144 924 3208 de
957 3144 1065 3209 studio
1102 3145 1322 3209 tantummodo
1359 3145 1488 3209 virtutis

265 3256 362 3314 antea
391 3251 497 3331 agitur
529 3251 583 3314 sed
612 3251 708 3315 etiarn
737 3251 776 3313 de
806 3251 947 3333 praemio
977 3249 1059 3332 quod
1091 3249 1166 3314 huic
1195 3249 1300 3314 studio
1324 3251 1488 3332 legislator

265 3356 467 3438 proposuerit
496 3348 565 3442 (τὴν
588 3352 694 3442 κρίσιν
715 3354 773 3442 τῆς
793 3351 955 3441 γερονοίος
977 3351 1143 3440 προθείς).
1189 3356 1294 3439 Atque
1322 3356 1486 3439 Lycurgus

265 3461 375 3544 probis
397 3468 429 3526 et
451 3463 587 3526 strenuis
610 3462 736 3527 senibus
754 3463 874 3545 pariter
890 3462 1014 3526 uidetur
1030 3460 1214 3526 subvenisse
1238 3459 1483 3548 (ἐπικουρῆσαι)

264 3568 352 3651 quod
382 3590 420 3632 ex
450 3568 500 3632 his
531 3569 605 3633 solis
637 3577 798 3633 senatores
822 3568 922 3632 creari
946 3567 1047 3632 iussit.
1092 3568 1236 3632 Profecto
1262 3568 1348 3650 quod
1371 3568 1485 3633 deiude

262 3678 285 3755 ξ
311 3683 328 3737 2
360 3675 444 3738 vitae
478 3696 515 3739 ac
548 3676 633 3740 necis
668 3675 820 3740 iudicium
853 3673 1053 3740 senatoribus
1087 3673 1141 3737 ille
1179 3672 1328 3737 tribuisse
1360 3673 1484 3750 dicitur,

266 3781 423 3862 superiori
455 3781 628 3846 sententiae
659 3782 740 3846 nihil
769 3788 836 3845 tam
867 3779 940 3843 novi
963 3779 1093 3843 additur
1116 3785 1151 3843 ut
1173 3779 1269 3843 verba
1291 3765 1486 3864 ἆξιάγοοοοο

263 3877 296 3949 d'
329 3874 426 3950 αὐτοῦ
455 3881 512 3950 κοί
540 3887 615 3952 ferri
645 3889 777 3970 possint.
824 3884 1026 3950 Manifestum
1050 3891 1098 3949 est
1128 3885 1262 3950 alte'rum
1285 3885 1484 3950 enuntiatum

263 3993 301 4077 (ᾗ
326 3992 371 4077 2),
406 3993 481 4056 licet
510 3995 665 4058 sententia
694 3995 764 4077 ipsa
792 4013 812 4057 a
846 3997 996 4057 contextu
1025 3991 1086 4055 loci
1118 4012 1182 4055 non
1213 3991 1318 4056 aliene
1342 3990 1393 4066 sit,
1417 4012 1485 4072 eam

264 4107 372 4162 tamen
406 4098 524 4164 habere
556 4100 690 4166 formam
724 4107 760 4164 ut
795 4121 865 4164 oum
902 4097 1063 4179 superiore
1087 4096 1252 4161 enuntiato
1275 4117 1389 4178 parum
1411 4118 1485 4163 con-

263 4211 369 4286 gruat.
416 4206 529 4288 Itaque
551 4207 690 4272 Haasius
712 4211 732 4288 ξ
757 4214 774 4270 2
797 4211 870 4288 post
894 4206 913 4283 ξ
940 4211 957 4267 3
982 4203 1158 4279 collocavit,
1186 4202 1220 4266 id
1236 4201 1319 4285 quod
1335 4203 1486 4284 placeret,
