3236 4894
725 231 765 287 27

133 435 215 520 (scil.
239 435 437 534 praeplaram
460 435 607 518 mortem)
631 457 726 518 quam
749 455 857 500 eorum
880 433 936 516 qui
956 433 1069 496 timore
1085 431 1229 515 occupati
1245 431 1355 514 fugam

133 539 325 623 praeferant.

345 737 375 801 X
401 744 507 801 1—3.

221 858 327 936 καλῶς
349 857 386 923 de'
407 882 465 940 μοι
496 848 629 922 δοκεῖ(
614 881 631 921 ο
655 855 846 943 Λικοῦργος
874 854 1094 944 66666666666
1122 854 1178 920 καὶ
1209 880 1229 943 η
1260 853 1354 942 μέχρι

134 956 236 1050 γήρως
257 952 384 1029 ιίσκοῖι>
407 885 446 1027 66
468 951 572 1052 ἀρετή.
612 961 671 1026 ἐισί
695 955 754 1049 766
776 961 823 1048 66
845 961 911 1048 τίρρ
900 987 979 1045 μασι
1001 960 1058 1026 666
1080 958 1154 1044 βίον
1175 951 1231 1049 τὴν
1249 957 1359 1047 κρίσιν

131 1067 188 1156 τῆς
210 1066 372 1154 γερονσίας
394 1067 536 1155 προθείς
560 1065 695 1155 ἐποίησε
724 1056 841 1156 676'²
825 1092 858 1132 ev
885 1066 932 1154 66
963 1059 1042 1156 γήρᾳ
1071 1055 1268 1132 οἶιιελιῖσίίοι
1298 1058 1357 1153 τὴν

131 1116 387 1259 καλοκαγαθίαν.
427 1185 456 1241 2.
478 1112 673 1260 6566766666
696 1163 724 1240 ὁ)
750 1112 846 1239 66666
863 1131 920 1238 καί
939 1166 977 1238 τὸ
998 1171 1210 1260 ἐπικουρῆσαι
1227 1169 1274 1258 τῷ
1292 1171 1358 1236 τῶν

130 1269 267 1366 ἀγαθῶν
290 1273 385 1367 7666·
410 1280 485 1359 θείς
508 1273 567 1366 γὰρ
589 1272 663 1357 τοὺς
686 1279 835 1366 γέροντας
857 1276 985 1366 κυρίοις
1005 1277 1062 1344 τοῖν
1082 1277 1159 1364 περὶ
1177 1276 1234 1368 τῆς
1252 1275 1358 1365 ψοχῇς

131 1375 254 1472 67r6rog
277 1384 489 1508 διέπραξεν
473 1409 550 1468 εννιρ
539 1379 674 1472 ριὸσερον
695 1409 778 1450 ειναι
800 1379 839 1450 τὸ
862 1410 959 1474 γηρας
981 1384 1037 1472 τῆς
1058 1383 1122 1450 τῶν
1144 1371 1252 1466 οἷκιιας
1238 1376 1356 1447 όντοιν
1437 1388 1443 1394 “

133 1484 191 1610 ριίρ
179 1517 250 1580 μρς.
299 1501 328 1557 3.
352 1485 486 1570 εἰκότως
502 1490 539 1556 de'
553 1517 613 1558 σοι
636 1491 692 1556 καί
716 1485 934 1570 σποιδοίζεναι
959 1473 1051 1568 οὗτος
1073 1514 1090 1554 ο
1079 1478 1199 1575 ‘6766
1220 1476 1355 1572 μάλιστ

130 1587 326 1683 ἀνθρώπων.
373 1597 467 1662 καλοί
489 1596 549 1681 μὲν
571 1590 630 1683 766
653 1597 709 1662 καὶ
734 1593 764 1663 oi
789 1622 837 1683 ριρ
825 1594 951 1680 μνικοί·
984 1585 1054 1662 ἄλλ
1080 1620 1167 1661 οιτοι
1198 1594 1258 1677 μὲν
1288 1616 1354 1658 σιο-

130 1694 242 1782 ιιάτιον
263 1698 362 1766 εἰσίν
386 1693 403 1766 6
426 1701 463 1766 δὲ
486 1702 562 1787 περὶ
584 1701 641 1790 τῆς
664 1700 827 1788 γεροννίας
849 1691 935 1787 6766
959 1701 1070 1787 ψαρῶν
1090 1690 1227 1787 ἀγαθῶν
1248 1697 1356 1786 κρίσιν

132 1805 275 1892 ,ταρίχει
315 1797 380 1892 ὅσῳ
404 1793 457 1871 οὖν
479 1805 630 1893 κρείττων
654 1800 739 1895 ψυχὴ
760 1800 919 1890 σώματος,
943 1800 1087 1892 τοσοίτρι
1105 1804 1160 1871 καί
1184 1802 1214 1870 οἱ
1234 1795 1356 1891 ἀγῶνες

131 1907 162 1976 οἱ
183 1910 247 1976 σιῦν
271 1911 380 1998 ψαρῶν
401 1901 420 2001 ἢ
444 1909 474 1978 oi
497 1912 562 1977 τῶν
584 1906 742 1996 σωμάτιον
764 1901 1126 1999 αξιοσποαίοιοσὸνεροι.

220 2020 365 2102 Egregie,
396 2021 443 2084 ait
471 2019 536 2086 fere
559 2020 704 2103 scriptor,
736 2020 797 2084 hoc
820 2041 946 2103 quoquc
969 2020 1132 2104 Lycurgus
1155 2018 1356 2103 praecepisse

130 2125 210 2189 mihi
241 2125 375 2200 videtur,
409 2147 473 2208 qua
502 2127 628 2190 ratione
656 2148 757 2209 usque
784 2127 825 2190 ad
849 2132 1040 2191 senectutem
1062 2126 1163 2190 virtus
1186 2125 1353 2191 coleretur.

130 2234 214 2314 Lege
247 2233 331 2298 enirn
365 2232 433 2296 lata
467 2238 503 2296 ut
537 2254 576 2296 ex
609 2232 649 2296 iis
684 2233 738 2315 qui
761 2233 901 2316 provecti
935 2239 1041 2298 essent
1063 2239 1167 2298 aetate
1190 2238 1354 2296 senatores

131 2344 331 2413 crearentur,
368 2336 471 2402 effecit
507 2345 543 2402 ut
579 2360 620 2402 ne
657 2360 745 2404 senes
784 2338 912 2421 quidam
955 2339 1104 2404 virtutem
1140 2338 1352 2420 neglegerent.

134 2451 161 2507 2.
186 2442 338 2507 Eiusdem
360 2443 549 2508 admiranda
572 2451 619 2509 est
640 2445 722 2509 ratio
752 2466 816 2527 qua
843 2445 998 2510 bonorum
1021 2445 1137 2508 civium
1160 2450 1352 2508 senectutem

130 2549 334 2626 sustentavit3
358 2570 524 2613 causarum
549 2551 632 2614 enim
657 2551 844 2633 capitalium
866 2551 984 2615 iudicio
1008 2550 1206 2615 senatoribus
1229 2549 1353 2614 tributo

129 2653 233 2720 effecit
254 2661 291 2720 ut
314 2663 457 2720 senectus
479 2654 612 2721 florente
634 2663 739 2744 aetate
762 2657 866 2738 magis
884 2663 967 2722 esset
982 2655 1148 2720 honorata.
1189 2663 1217 2719 3.
1239 2654 1353 2738 Neque

129 2783 202 2826 vero
225 2761 382 2826 immerito
415 2761 449 2825 in
472 2761 532 2827 hoc
554 2764 725 2828 certamine
748 2784 904 2827 summum
926 2763 1057 2846 ponitur
1079 2761 1238 2837 studium3
1276 2783 1351 2824 nam

129 2867 263 2949 pulchra
294 2867 421 2949 quidem
450 2889 488 2932 ea
519 2889 643 2950 quoque
675 2876 750 2933 sunt
778 2869 951 2933 certamina
982 2890 1063 2951 quae
1092 2867 1133 2932 ad
1156 2868 1351 2950 palaestram

129 2971 304 3054 pertinent3
329 2971 382 3035 sed
407 2971 485 3036 haec
509 2973 636 3055 quidem
657 2995 825 3055 corporum
849 2981 936 3048 sunt;
967 2981 1077 3039 contra
1100 2974 1180 3038 illud
1203 2973 1242 3038 de
1264 2994 1353 3037 asse·

128 3076 254 3159 quanda
289 3077 448 3158 dignitate
478 3079 638 3143 senatoria
665 3086 824 3143 certamen
853 3080 1007 3145 iudiciirm
1035 3081 1190 3145 bonorum
1218 3079 1352 3163 praebet

130 3182 315 3247 animorum.
363 3182 488 3260 Quanto
511 3185 611 3265 igitur
633 3185 757 3249 animus
781 3206 910 3268 corpore
934 3193 981 3251 est
1004 3187 1227 3270 praestantior,
1258 3193 1351 3251 tanto

127 3289 305 3353 animorum
327 3288 501 3354 certamina
524 3311 619 3373 quam
641 3299 864 3372 corporumst
835 3291 940 3356 studio
965 3300 1040 3356 sunt
1063 3293 1218 3373 digniora.

215 3394 282 3459 lam
312 3394 471 3460 Weiskius
500 3396 623 3461 viderat
652 3397 749 3462 verba
772 3379 864 3474 οἶκος
885 3388 902 3460 6
925 3385 1012 3483 6766
1035 3399 1068 3484 (ξ
1092 3402 1127 3482 3)
1160 3399 1256 3462 nimis
1279 3419 1350 3464 esse

128 3500 336 3582 ambigua,
312 3523 339 3565 sr
366 3503 462 3567 rerba
485 3503 650 3584 superiora
672 3500 729 3567 τοῦ
750 3500 826 3586 περὶ
849 3501 906 3590 τῆς
929 3501 1032 3590 ψινρνς
1054 3491 1177 3590 ἆγῶνος
1199 3503 1234 3587 (ξ
1252 3507 1286 3585 6)
1309 3503 1351 3566 de

126 3607 210 3671 vitae
239 3606 420 3671 discrimine
451 3609 678 3692 acciperentur.
726 3610 832 3686 Quare
853 3610 908 3674 ille
931 3610 1067 3693 quidem,
1102 3617 1138 3676 ut
1158 3610 1242 3674 hanc
1265 3607 1351 3673 diffi-

126 3713 276 3776 cultatem
311 3711 471 3796 effugeret,
505 3714 601 3780 verba
628 3713 686 3780 τοῦ
716 3714 793 3798 περὶ
825 3713 881 3802 τῆς
911 3713 1015 3802 ψυχῆς
1044 3703 1167 3802 ἀγῶνος
1195 3715 1276 3779 falso
1300 3715 1350 3779 ita

124 3819 351 3900 interpretatus
374 3825 421 3883 est
440 3827 478 3885 ut
500 3842 665 3886 censuram
689 3822 831 3904 aliquam
848 3822 945 3885 animi
962 3843 999 3886 ac
1015 3822 1142 3886 virtutis
1158 3821 1346 3887 indicarent.

127 3922 230 4000 Quam
260 3923 417 3987 rationem
447 3932 531 3989 recte
561 3925 771 3992 Schneiderus
794 3927 912 3992 reiecit.
958 3927 1040 3992 Nam
1063 3926 1346 3992 demonstrandum

125 4031 205 4095 foret
192 4015 343 4147 ίιίγιῦνα
360 4027 443 4146 ρσερὶ
466 4054 522 4116 τις
545 4028 648 4118 ψιχρς
681 4053 773 4114 posse
803 4034 931 4098 omnino
964 4055 1076 4099 sonare
1106 4022 1276 4098 certamen
1307 4033 1348 4096 de

1127 4125 1136 4150 )
1176 4129 1183 4153 ι
1232 4128 1241 4152 ‹

125 4136 207 4200 virtu
210 4142 241 4200 ie
270 4122 390 4210 animi',
428 4142 464 4200 ut
492 4136 578 4201 infra
607 4141 626 4218 ξ
653 4144 671 4201 3
703 4126 818 4223 ὁπορί
848 4136 904 4225 τῆς
927 4135 1088 4310 7696667'69
1116 4162 1202 4224 6766
1245 4148 1347 4203 certa-

124 4263 195 4306 rnen
219 4242 258 4306 de
280 4240 440 4306 senatoria
463 4241 620 4324 dignitate
588 4231 745 4308 t'valet.
793 4245 888 4309 Praet
875 4252 1022 4322 tuerea‚
1025 4245 1138 4327 tipsis
1162 4244 1346 4310 Schneideri
