3236 4894
871 237 912 292 bo

278 439 400 524 (palam
430 439 513 506 enim
544 439 760 523 proposuisset
789 461 870 523 quae
898 440 981 505 inter
1005 461 1039 504 se
1060 460 1190 523 prorsus
1214 439 1409 523 pugnarent),
1429 439 1471 502 sed

277 554 389 630 postea
413 545 445 609 in
469 567 526 610 suo
549 546 691 628 exemplo
715 545 901 610 demutata
929 546 1078 630 opinione
1100 553 1227 628 poterat
1249 546 1396 610 adnotare
1410 565 1473 626 qum

277 659 351 735 post
373 652 441 716 eius
464 660 596 716 mortem
619 652 747 716 inventa
769 659 801 718 et
824 653 938 717 deiude
964 673 1036 716 cum
1059 652 1182 735 reliquo
1205 651 1313 717 libello
1336 651 1475 735 publicata

277 766 361 822 sunt.
406 759 479 840 lpse
501 758 584 821 enim
607 756 785 841 Xenophon
813 758 840 822 si
867 765 940 840 post
973 765 1127 822 mutatam
1151 758 1331 840 opinionem
1355 757 1474 822 libellum

276 863 438 941 edidisset,
470 886 533 928 non
566 871 700 947 poterat,
728 885 767 928 ne
796 864 857 929 sibi
880 863 1118 938 contradiceret,
1141 863 1277 929 tolerare
1300 863 1477 928 manifestam

279 969 507 1033 sententiarum
536 969 789 1052 repugnantiam,
818 971 874 1036 sed
903 970 1010 1036 omnia
1033 969 1130 1035 adid
1155 971 1240 1054 quod
1263 979 1331 1034 tum
1355 971 1476 1035 habebat

279 1075 431 1139 iudicium
455 1075 653 1141 conformare
676 1075 820 1141 debebat.

385 1182 586 1246 Simillimum
603 1189 709 1246 autem
725 1181 784 1247 boc
801 1190 898 1266 caput
910 1204 977 1247 esse
994 1191 1132 1248 extremo
1148 1181 1273 1246 uidetur
1286 1181 1483 1266 Cyropaediue

277 1287 376 1368 capiti
405 1287 499 1362 (Vlll
523 1286 580 1371 8),
618 1310 689 1352 cum
720 1295 905 1384 utrumque
930 1311 950 1352 a
977 1289 1101 1371 reliquo
1135 1297 1321 1369 argumento
1355 1287 1479 1352 discedat

279 1393 508 1476 scriptorisque
542 1393 675 1457 consilio
705 1393 896 1458 adversetur.
956 1393 1027 1470 Qua
1055 1394 1264 1458 similitudine
1292 1395 1381 1458 haud
1406 1392 1485 1477 pauci

278 1497 398 1563 seducti
427 1498 593 1581 utriusque
625 1499 855 1582 appendiculae
885 1501 1017 1564 eandem
1039 1499 1135 1563 luisse
1158 1501 1312 1582 originem
1336 1507 1485 1583 putarunt,

278 1625 315 1668 ac
345 1604 525 1686 nuperrime
554 1603 682 1686 quidem
712 1604 877 1670 Eichlerus
894 1607 919 1689 ¹)
952 1606 1093 1686 longiore
1128 1605 1345 1688 disputatione
1382 1603 1488 1670 efficere

278 1717 326 1774 est
348 1718 480 1775 conatus
504 1719 540 1775 ut
562 1711 663 1776 libelli
686 1710 726 1776 de
747 1732 812 1794 rep.
830 1711 901 1777 Lac.
915 1733 984 1795 cap.
1001 1711 1077 1776 XIV
1100 1712 1146 1776 ita
1163 1712 1276 1795 Cyrup.
1300 1733 1370 1795 cap.
1390 1710 1488 1775 Vlllt

279 1817 450 1897 genuinum
474 1826 505 1881 et
527 1817 568 1882 ab
591 1819 661 1900 ipso
684 1818 838 1900 scriptore
860 1817 947 1884 brevi
970 1825 1042 1900 post
1063 1818 1187 1900 reliqua
1210 1817 1424 1900 conscriptum
1444 1816 1491 1880 ad-

279 1923 456 2005 iectumque
480 1943 555 1987 esse.
601 1922 741 1999 Quocum
766 1924 891 1988 facilius
914 1923 1133 2000 consentirem,
1156 1925 1182 1987 si
1207 1945 1287 2006 quas
1309 1925 1427 1988 multas
1448 1922 1492 1984 ille

280 2027 497 2110 Cyropaediae
531 2029 674 2111 epilogus
712 2036 816 2094 movet
849 2028 1037 2094 offensiones
1065 2050 1173 2093 omnes
1204 2029 1401 2106 sustulisset3
1440 2029 1495 2118 ¹hoc

279 2133 439 2216 plerisque
462 2141 566 2198 tamen
590 2135 668 2198 locis
691 2136 719 2198 ei
743 2157 806 2199 non
830 2135 972 2217 contigit.
1017 2135 1109 2210 Nam,
1139 2143 1175 2198 ut
1198 2135 1321 2218 aliquot
1352 2135 1409 2217 qui
1432 2155 1494 2216 gra·

279 2239 381 2302 viores
404 2239 551 2303 videntur
574 2240 658 2304 locos
681 2241 778 2323 paulo
802 2241 982 2304 accuratius
1004 2249 1187 2323 spectemus,
1214 2240 1395 2305 consideres
1411 2240 1495 2304 velim

279 2345 396 2426 epilogi
420 2345 516 2410 verba
533 2367 614 2428 quae
637 2346 787 2428 leguntur
811 2351 830 2428 ξ
854 2355 888 2412 8:
919 2338 1054 2429 νόμιμον
1085 2338 1144 2432 γὰρ
1167 2339 1206 2434 δὴ
1230 2331 1267 2433 ἦν
1290 2333 1402 2424 αι’·τοῖς
1424 2337 1496 2432 μήτε

280 2441 392 2514 πιίειν
419 2443 499 2537 μήτε
532 2439 796 2534 τίπομίττεσδαι.
844 2450 949 2544 δῆλον,
968 2450 1004 2517 δι’
1038 2442 1088 2515 δτι
1115 2450 1216 2516 ταῦτα
1246 2439 1282 2515 οδ
1311 2449 1368 2516 τοῦ
1402 2450 1435 2515 ἐν
1457 2447 1496 2536 τῷ

278 2548 407 2639 σώματι
436 2547 530 2643 ὑγροῦ
561 2550 745 2644 φειδόμενοι
782 2549 942 2641 ἐνόμισαν,
977 2547 1060 2622 ἄλλα
1087 2549 1276 2640 βουλόμενοι
1303 2541 1361 2622 διὰ
1394 2550 1498 2622 πόντον

278 2662 335 2726 καί
365 2659 500 2749 ἱδρῶτος
527 2654 568 2727 τὰ
603 2655 740 2745 σώματα
770 2662 991 2750 στερεοῦσθαι.
1025 2661 1076 2727 νῖν
1104 2655 1200 2728 δὲτὸ
1229 2661 1288 2745 μὲν
1315 2655 1359 2750 μὴ
1389 2656 1498 2728 πτίειν

277 2761 357 2855 μήτε
387 2757 640 2851 ἀπομύττεσθαι
671 2765 719 2833 ἔτι
748 2767 907 2851 διαμένει,
937 2762 975 2833 τὸ
1006 2767 1042 2834 δὲ·
1072 2773 1184 2834 πονεῖν
1213 2757 1354 2852 οδδαμοῖ·
1385 2767 1499 2856 ε’πιτη·

225 2955 228 2966 Ι
277 2866 412 2939 δείεται.
451 2877 596 2941 Veterem
617 2876 785 2940 Persarum
806 2877 1121 2958 nequeemungendi
1145 2896 1302 2958 seneque
1326 2876 1498 2958 exspuendi

278 3002 396 3045 morem
430 2982 565 3064 scriptor
599 2989 823 3046 commemorat
857 3004 991 3065 eumque
1025 2982 1120 3046 etiam
1148 2990 1216 3046 tum
1246 2982 1288 3045 ab
1311 2981 1499 3064 aequalibus

277 3087 345 3150 suis
367 3087 528 3152 observari
551 3087 645 3173 dioit;
670 3089 725 3152 sed
747 3109 817 3152 oum
841 3095 935 3154 autea
957 3088 1134 3152 laborando
1157 3109 1195 3151 ae
1219 3087 1363 3151 sudando
1385 3087 1499 3152 Persae

279 3191 363 3256 buno
386 3194 527 3275 corporis
556 3196 720 3258 humorem
745 3194 934 3277 expulerint,
964 3215 1022 3258 sua
1045 3201 1150 3259 aetate
1172 3192 1231 3257 etsi
1255 3214 1322 3256 uros
1344 3193 1399 3257 ille
1420 3193 1497 3257 reti-

279 3304 408 3374 neatur,
447 3301 663 3365 contentiones
705 3308 811 3364 tamen
845 3307 943 3382 atque
976 3297 1101 3365 labores
1136 3298 1277 3382 eorporis
1315 3298 1397 3362 nihil
1435 3299 1500 3362 iam

278 3404 392 3470 curari.
438 3406 481 3468 At
503 3405 536 3468 in
561 3406 669 3470 eadem
693 3405 891 3489 Cyropaedia
914 3405 929 3468 I
955 3413 983 3481 2,
1014 3413 1051 3469 16
1075 3406 1154 3469 baec
1177 3403 1345 3469 habemus:
1369 3402 1425 3468 καί
1449 3401 1502 3468 νῖν

279 3507 316 3573 δὲ
346 3505 394 3573 ἔτι
425 3507 554 3592 ἐμμένει
583 3507 741 3597 μαρτυρία
771 3510 827 3575 καί
857 3509 914 3597 τῆς
934 3507 1067 3596 μετρίας
1089 3506 1216 3597 διαίτης
1238 3497 1341 3573 αδτιῦν
1363 3509 1418 3573 καὶ
1442 3507 1501 3573 τοτ’·

279 3613 499 3680 ἐκπονεῖσθαι
521 3608 576 3705 τὴν
599 3613 735 3682 δίαιταν.
767 3608 897 3702 αἰσχρὸν
919 3614 979 3700 μὲν
1001 3607 1060 3701 γὰρ
1084 3612 1133 3680 ἔτι
1155 3614 1211 3679 καί
1235 3613 1287 3679 νῦν
1311 3612 1381 3678 ἐστι
1409 3613 1499 3698 Πέρ-

277 3742 353 3798 σαις
376 3720 432 3786 καί
454 3713 492 3786 τὸ
515 3711 698 3788 διτοιττίέιν
720 3721 775 3787 καί
797 3713 835 3786 τὸ
850 3709 1102 3804 ἀπομύττεσθαι
1118 3721 1174 3785 καί
1189 3713 1227 3784 τὸ
1244 3712 1348 3808 φίσης
1362 3712 1501 3802 μεστοὺς

278 3823 474 3914 μαίνεσθαι·
504 3819 634 3913 αἰσχρὸν
660 3827 696 3892 δὲ
720 3826 769 3893 ἔτι
798 3819 913 3892 καὶτὸ
936 3820 1026 3892 ἰόντα
1053 3851 1114 3892 ποι
1138 3818 1272 3915 φανερὸν
1302 3824 1455 3912 γενέσθαι
1480 3814 1500 3912 ί]

277 3931 334 3997 τοῦ
358 3926 489 4021 οὐρῆσαι
513 3930 604 3998 ἕνεκα
626 3921 645 4021 ἢ
668 3933 723 3998 καὶ
753 3922 851 3998 tillon
880 3927 966 4012 τινὸς
987 3932 1044 3998 τοῦ
1066 3925 1221 3997 τοιοίτοο.
1257 3929 1358 3996 ταῦτα
1381 3929 1417 3995 δὲ
1440 3918 1500 3994 οὖν,

277 4027 318 4102 δν
341 4031 490 4104 ἐδίναντο
513 4043 630 4118 ποιεῖν,
655 4035 683 4104 εί
705 4031 750 4126 μὴ
772 4039 829 4103 καί
854 4036 962 4126 διαίτῃ
977 4034 1091 4125 μετρίᾳ
1114 4035 1249 4123 ἐχρῶντο
1273 4029 1382 4102 καὶτὸ
1405 4026 1500 4122 ὑγρὸν
