<?xml version="1.0" encoding="UTF-8"?>
<!DOCTYPE html PUBLIC "-//W3C//DTD XHTML 1.0 Transitional//EN"
    "http://www.w3.org/TR/xhtml1/DTD/xhtml1-transitional.dtd">
<html xmlns="http://www.w3.org/1999/xhtml" xml:lang="en" lang="en">
 <head>
  <title>
</title>
<meta http-equiv="Content-Type" content="text/html;charset=utf-8" />
  <meta name='ocr-system' content='tesseract 3.04.00' />
  <meta name='ocr-capabilities' content='ocr_page ocr_carea ocr_par ocr_line ocrx_word'/>
</head>
<body>
  <div class='ocr_page' id='page_1' title='image "./quaestionesinxe00wulfgoog_0018.png"; bbox 0 0 3236 4894; ppageno 0'>
   <div class='ocr_carea' id='block_1_1' title="bbox 752 238 770 294">
    <p class='ocr_par' dir='ltr' id='par_1_1' title="bbox 752 238 770 294">
     <span class='ocr_line' id='line_1_1' title="bbox 752 238 770 294; baseline 0 0"><span class='ocrx_word' id='word_1_1' title='bbox 752 238 770 294; x_wconf 85' lang='grc'><strong>9</strong></span> 
     </span>
    </p>
   </div>
   <div class='ocr_carea' id='block_1_2' title="bbox 100 425 1455 3595">
    <p class='ocr_par' dir='ltr' id='par_1_2' title="bbox 100 425 1455 3595">
     <span class='ocr_line' id='line_1_2' title="bbox 147 425 1455 523; baseline 0.002 -23"><span class='ocrx_word' id='word_1_2' title='bbox 147 430 258 523; x_wconf 78' lang='grc' dir='ltr'><em>λόγιον</em></span> <span class='ocrx_word' id='word_1_3' title='bbox 280 440 394 520; x_wconf 77' lang='grc' dir='ltr'><em>αἵμασι</em></span> <span class='ocrx_word' id='word_1_4' title='bbox 410 425 597 523; x_wconf 67' lang='grc' dir='ltr'><em>ἀνθρώπων</em></span> <span class='ocrx_word' id='word_1_5' title='bbox 619 432 675 503; x_wconf 83' lang='grc' dir='ltr'>τὸν</span> <span class='ocrx_word' id='word_1_6' title='bbox 689 431 800 522; x_wconf 74' lang='grc' dir='ltr'><em>βωμὸν</em></span> <span class='ocrx_word' id='word_1_7' title='bbox 815 431 1004 522; x_wconf 70' lang='grc' dir='ltr'><em>αἱμάσσειν·</em></span> <span class='ocrx_word' id='word_1_8' title='bbox 1029 439 1191 522; x_wconf 69' lang='lat' dir='ltr'>drope&#39;ror</span> <span class='ocrx_word' id='word_1_9' title='bbox 1213 438 1248 503; x_wconf 75' lang='grc' dir='ltr'>δὲ</span> <span class='ocrx_word' id='word_1_10' title='bbox 1266 428 1373 503; x_wconf 68' lang='grc' dir='ltr'><em>ὅντινα</em></span> <span class='ocrx_word' id='word_1_11' title='bbox 1443 469 1455 476; x_wconf 94' lang='grc'><strong><em>·</em></strong></span> 
     </span>
     <span class='ocr_line' id='line_1_3' title="bbox 150 535 1371 632; baseline 0 -25"><span class='ocrx_word' id='word_1_12' title='bbox 150 535 168 607; x_wconf 84' lang='grc' dir='ltr'><em>ὃ</em></span> <span class='ocrx_word' id='word_1_13' title='bbox 191 541 306 632; x_wconf 72' lang='grc' dir='ltr'><strong><em>κλῆρος</em></strong></span> <span class='ocrx_word' id='word_1_14' title='bbox 327 537 537 627; x_wconf 74' lang='grc' dir='ltr'>ἐπελάμβανε,</span> <span class='ocrx_word' id='word_1_15' title='bbox 563 543 756 632; x_wconf 68' lang='grc' dir='ltr'><em>Λυκοῦργος</em></span> <span class='ocrx_word' id='word_1_16' title='bbox 777 545 951 628; x_wconf 76' lang='grc' dir='ltr'>μετέβαλεν</span> <span class='ocrx_word' id='word_1_17' title='bbox 975 543 1008 622; x_wconf 79' lang='grc' dir='ltr'>ἐς</span> <span class='ocrx_word' id='word_1_18' title='bbox 1030 537 1089 622; x_wconf 80' lang='grc' dir='ltr'>τὰς</span> <span class='ocrx_word' id='word_1_19' title='bbox 1112 542 1169 608; x_wconf 75' lang='grc' dir='ltr'>ἕνεί</span> <span class='ocrx_word' id='word_1_20' title='bbox 1198 549 1268 621; x_wconf 79' lang='grc' dir='ltr'><strong><em>τοῖς</em></strong></span> <span class='ocrx_word' id='word_1_21' title='bbox 1292 537 1371 632; x_wconf 66' lang='lat' dir='ltr'>dun}-</span> 
     </span>
     <span class='ocr_line' id='line_1_4' title="bbox 149 639 1371 735; baseline -0.001 -21"><span class='ocrx_word' id='word_1_22' title='bbox 149 655 223 731; x_wconf 75' lang='grc' dir='ltr'><strong><em>βοις</em></strong></span> <span class='ocrx_word' id='word_1_23' title='bbox 245 643 415 735; x_wconf 77' lang='grc' dir='ltr'><em>μάστιγας,</em></span> <span class='ocrx_word' id='word_1_24' title='bbox 441 647 651 731; x_wconf 76' lang='grc' dir='ltr'><em>ἐμπίπλαταί</em></span> <span class='ocrx_word' id='word_1_25' title='bbox 680 675 714 715; x_wconf 82' lang='grc' dir='ltr'>νε</span> <span class='ocrx_word' id='word_1_26' title='bbox 737 641 836 728; x_wconf 56' lang='grc' dir='ltr'>οὕτως</span> <span class='ocrx_word' id='word_1_27' title='bbox 863 639 1051 732; x_wconf 67' lang='grc' dir='ltr'><em>ἀνθρώπων</em></span> <span class='ocrx_word' id='word_1_28' title='bbox 1074 652 1188 732; x_wconf 62' lang='lat' dir='ltr'>uibrare</span> <span class='ocrx_word' id='word_1_29' title='bbox 1211 640 1228 714; x_wconf 83' lang='lat' dir='ltr'>b</span> <span class='ocrx_word' id='word_1_30' title='bbox 1251 642 1371 734; x_wconf 79' lang='grc' dir='ltr'><strong><em>βωμός.</em></strong></span> 
     </span>
     <span class='ocr_line' id='line_1_5' title="bbox 149 746 1372 845; baseline 0.004 -27"><span class='ocrx_word' id='word_1_31' title='bbox 149 746 168 842; x_wconf 65' lang='grc' dir='ltr'><strong><em>ἡ</em></strong></span> <span class='ocrx_word' id='word_1_32' title='bbox 193 753 229 820; x_wconf 79' lang='grc' dir='ltr'>δὲ</span> <span class='ocrx_word' id='word_1_33' title='bbox 254 751 354 841; x_wconf 69' lang='grc' dir='ltr'>ἱέρεια</span> <span class='ocrx_word' id='word_1_34' title='bbox 376 747 413 820; x_wconf 76' lang='grc' dir='ltr'>τὸ</span> <span class='ocrx_word' id='word_1_35' title='bbox 436 748 549 835; x_wconf 83' lang='grc' dir='ltr'><em>ξόανον</em></span> <span class='ocrx_word' id='word_1_36' title='bbox 572 749 688 838; x_wconf 68' lang='grc' dir='ltr'>ἔχοεσά</span> <span class='ocrx_word' id='word_1_37' title='bbox 712 777 826 844; x_wconf 70' lang='grc' dir='ltr'><em>σφισιν</em></span> <span class='ocrx_word' id='word_1_38' title='bbox 849 754 1015 845; x_wconf 76' lang='grc' dir='ltr'>ἐφέστηκε.</span> <span class='ocrx_word' id='word_1_39' title='bbox 1054 757 1221 822; x_wconf 88' lang='lat' dir='ltr'>Praeterea</span> <span class='ocrx_word' id='word_1_40' title='bbox 1245 759 1285 822; x_wconf 85' lang='lat' dir='ltr'>cf.</span> <span class='ocrx_word' id='word_1_41' title='bbox 1309 755 1372 823; x_wconf 82' lang='lat' dir='ltr'>Cio.</span> 
     </span>
     <span class='ocr_line' id='line_1_6' title="bbox 150 861 1371 947; baseline 0.001 -22"><span class='ocrx_word' id='word_1_42' title='bbox 150 863 239 926; x_wconf 90' lang='lat' dir='ltr'>Tusc.</span> <span class='ocrx_word' id='word_1_43' title='bbox 262 861 293 925; x_wconf 90' lang='lat' dir='ltr'>II</span> <span class='ocrx_word' id='word_1_44' title='bbox 320 861 359 926; x_wconf 78' lang='grc'>14</span> <span class='ocrx_word' id='word_1_45' title='bbox 393 863 526 944; x_wconf 81' lang='lat' dir='ltr'>Spartae</span> <span class='ocrx_word' id='word_1_46' title='bbox 549 883 622 928; x_wconf 83' lang='lat' dir='ltr'>vero</span> <span class='ocrx_word' id='word_1_47' title='bbox 645 865 736 947; x_wconf 91' lang='lat' dir='ltr'>pueri</span> <span class='ocrx_word' id='word_1_48' title='bbox 760 864 801 927; x_wconf 90' lang='lat' dir='ltr'>ad</span> <span class='ocrx_word' id='word_1_49' title='bbox 824 884 913 928; x_wconf 90' lang='lat' dir='ltr'>aram</span> <span class='ocrx_word' id='word_1_50' title='bbox 937 864 982 927; x_wconf 92' lang='lat' dir='ltr'>sic</span> <span class='ocrx_word' id='word_1_51' title='bbox 1004 862 1186 928; x_wconf 89' lang='lat' dir='ltr'>verberibus</span> <span class='ocrx_word' id='word_1_52' title='bbox 1209 863 1371 946; x_wconf 89' lang='lat' dir='ltr'>accipiun-</span> 
     </span>
     <span class='ocr_line' id='line_1_7' title="bbox 148 968 1373 1051; baseline 0 -20"><span class='ocrx_word' id='word_1_53' title='bbox 148 977 203 1031; x_wconf 89' lang='lat' dir='ltr'>tur</span> <span class='ocrx_word' id='word_1_54' title='bbox 225 974 262 1032; x_wconf 92' lang='lat' dir='ltr'>ut</span> <span class='ocrx_word' id='word_1_55' title='bbox 284 968 400 1032; x_wconf 88' lang='lat' dir='ltr'>multus</span> <span class='ocrx_word' id='word_1_56' title='bbox 425 988 442 1030; x_wconf 94' lang='lat' dir='ltr'>e</span> <span class='ocrx_word' id='word_1_57' title='bbox 464 968 637 1033; x_wconf 76' lang='lat' dir='ltr'>viscoribus</span> <span class='ocrx_word' id='word_1_58' title='bbox 663 970 795 1051; x_wconf 85' lang='lat' dir='ltr'>sanguis</span> <span class='ocrx_word' id='word_1_59' title='bbox 819 977 925 1046; x_wconf 84' lang='lat' dir='ltr'>exeat,</span> <span class='ocrx_word' id='word_1_60' title='bbox 952 989 1180 1051; x_wconf 88' lang='lat' dir='ltr'>nonnunquam</span> <span class='ocrx_word' id='word_1_61' title='bbox 1204 969 1313 1044; x_wconf 90' lang='lat' dir='ltr'>etiam,</span> <span class='ocrx_word' id='word_1_62' title='bbox 1336 974 1373 1032; x_wconf 92' lang='lat' dir='ltr'>ut</span> 
     </span>
     <span class='ocr_line' id='line_1_8' title="bbox 148 1072 1373 1158; baseline 0.001 -21"><span class='ocrx_word' id='word_1_63' title='bbox 148 1094 221 1137; x_wconf 90' lang='lat' dir='ltr'>cum</span> <span class='ocrx_word' id='word_1_64' title='bbox 243 1072 288 1136; x_wconf 93' lang='lat' dir='ltr'>ibi</span> <span class='ocrx_word' id='word_1_65' title='bbox 311 1093 409 1137; x_wconf 89' lang='lat' dir='ltr'>essem</span> <span class='ocrx_word' id='word_1_66' title='bbox 431 1073 586 1150; x_wconf 75' lang='lat' dir='ltr'>videbam,</span> <span class='ocrx_word' id='word_1_67' title='bbox 610 1074 651 1138; x_wconf 91' lang='lat' dir='ltr'>ad</span> <span class='ocrx_word' id='word_1_68' title='bbox 674 1096 798 1152; x_wconf 82' lang='lat' dir='ltr'>necem3</span> <span class='ocrx_word' id='word_1_69' title='bbox 833 1097 968 1158; x_wconf 89' lang='lat' dir='ltr'>quorum</span> <span class='ocrx_word' id='word_1_70' title='bbox 991 1097 1053 1139; x_wconf 92' lang='lat' dir='ltr'>non</span> <span class='ocrx_word' id='word_1_71' title='bbox 1083 1073 1177 1138; x_wconf 92' lang='lat' dir='ltr'>modo</span> <span class='ocrx_word' id='word_1_72' title='bbox 1204 1095 1294 1137; x_wconf 92' lang='lat' dir='ltr'>nemo</span> <span class='ocrx_word' id='word_1_73' title='bbox 1319 1095 1373 1138; x_wconf 85' lang='lat' dir='ltr'>ex-</span> 
     </span>
     <span class='ocr_line' id='line_1_9' title="bbox 148 1179 1370 1264; baseline 0 -22"><span class='ocrx_word' id='word_1_74' title='bbox 148 1179 298 1248; x_wconf 83' lang='lat' dir='ltr'>clamavit</span> <span class='ocrx_word' id='word_1_75' title='bbox 328 1201 483 1261; x_wconf 89' lang='lat' dir='ltr'>unquam,</span> <span class='ocrx_word' id='word_1_76' title='bbox 514 1181 569 1244; x_wconf 91' lang='lat' dir='ltr'>sed</span> <span class='ocrx_word' id='word_1_77' title='bbox 598 1203 638 1244; x_wconf 92' lang='lat' dir='ltr'>ne</span> <span class='ocrx_word' id='word_1_78' title='bbox 668 1182 823 1263; x_wconf 80' lang='lat' dir='ltr'>ingemuit</span> <span class='ocrx_word' id='word_1_79' title='bbox 852 1182 989 1264; x_wconf 90' lang='lat' dir='ltr'>quidem.</span> <span class='ocrx_word' id='word_1_80' title='bbox 1041 1181 1158 1246; x_wconf 82' lang='lat' dir='ltr'>Seneca</span> <span class='ocrx_word' id='word_1_81' title='bbox 1180 1180 1218 1244; x_wconf 91' lang='lat' dir='ltr'>de</span> <span class='ocrx_word' id='word_1_82' title='bbox 1240 1201 1326 1262; x_wconf 88' lang='lat' dir='ltr'>prov.</span> <span class='ocrx_word' id='word_1_83' title='bbox 1351 1189 1370 1243; x_wconf 84' lang='lat'><strong>4</strong></span> 
     </span>
     <span class='ocr_line' id='line_1_10' title="bbox 148 1285 1370 1368; baseline 0.002 -20"><span class='ocrx_word' id='word_1_84' title='bbox 148 1285 304 1367; x_wconf 88' lang='lat' dir='ltr'>numquid</span> <span class='ocrx_word' id='word_1_85' title='bbox 333 1293 368 1349; x_wconf 91' lang='lat' dir='ltr'>tu</span> <span class='ocrx_word' id='word_1_86' title='bbox 397 1286 515 1350; x_wconf 84' lang='lat' dir='ltr'>invisos</span> <span class='ocrx_word' id='word_1_87' title='bbox 544 1308 610 1351; x_wconf 87' lang='lat' dir='ltr'>esse</span> <span class='ocrx_word' id='word_1_88' title='bbox 633 1287 891 1352; x_wconf 84' lang='lat' dir='ltr'>Lacedaemoniis</span> <span class='ocrx_word' id='word_1_89' title='bbox 920 1287 1037 1352; x_wconf 88' lang='lat' dir='ltr'>liberos</span> <span class='ocrx_word' id='word_1_90' title='bbox 1061 1308 1134 1351; x_wconf 90' lang='lat' dir='ltr'>suos</span> <span class='ocrx_word' id='word_1_91' title='bbox 1158 1286 1268 1364; x_wconf 80' lang='lat' dir='ltr'>credie,</span> <span class='ocrx_word' id='word_1_92' title='bbox 1292 1307 1370 1368; x_wconf 89' lang='lat' dir='ltr'>quo-</span> 
     </span>
     <span class='ocr_line' id='line_1_11' title="bbox 147 1391 1369 1475; baseline 0.002 -22"><span class='ocrx_word' id='word_1_93' title='bbox 147 1412 218 1454; x_wconf 91' lang='lat' dir='ltr'>rum</span> <span class='ocrx_word' id='word_1_94' title='bbox 241 1391 447 1474; x_wconf 82' lang='lat' dir='ltr'>experiuntur</span> <span class='ocrx_word' id='word_1_95' title='bbox 476 1392 618 1456; x_wconf 86' lang='lat' dir='ltr'>indolem</span> <span class='ocrx_word' id='word_1_96' title='bbox 643 1393 769 1475; x_wconf 90' lang='lat' dir='ltr'>publice</span> <span class='ocrx_word' id='word_1_97' title='bbox 792 1393 975 1459; x_wconf 84' lang='lat' dir='ltr'>verberibus</span> <span class='ocrx_word' id='word_1_98' title='bbox 999 1393 1156 1459; x_wconf 85' lang='lat' dir='ltr'>admotis?</span> <span class='ocrx_word' id='word_1_99' title='bbox 1206 1391 1272 1475; x_wconf 90' lang='lat' dir='ltr'>lpsi</span> <span class='ocrx_word' id='word_1_100' title='bbox 1296 1393 1369 1457; x_wconf 88' lang='lat' dir='ltr'>iilos</span> 
     </span>
     <span class='ocr_line' id='line_1_12' title="bbox 148 1497 1372 1582; baseline 0.001 -21"><span class='ocrx_word' id='word_1_101' title='bbox 148 1504 256 1580; x_wconf 90' lang='lat' dir='ltr'>patres</span> <span class='ocrx_word' id='word_1_102' title='bbox 273 1497 497 1562; x_wconf 78' lang='lat' dir='ltr'>adhortantur,</span> <span class='ocrx_word' id='word_1_103' title='bbox 508 1505 544 1562; x_wconf 95' lang='lat' dir='ltr'>ut</span> <span class='ocrx_word' id='word_1_104' title='bbox 566 1499 648 1562; x_wconf 89' lang='lat' dir='ltr'>ictus</span> <span class='ocrx_word' id='word_1_105' title='bbox 664 1497 863 1580; x_wconf 85' lang='lat' dir='ltr'>flagellorum</span> <span class='ocrx_word' id='word_1_106' title='bbox 879 1499 1005 1564; x_wconf 83' lang='lat' dir='ltr'>fortiter</span> <span class='ocrx_word' id='word_1_107' title='bbox 1021 1498 1182 1582; x_wconf 88' lang='lat' dir='ltr'>perierant</span> <span class='ocrx_word' id='word_1_108' title='bbox 1204 1507 1235 1564; x_wconf 90' lang='lat' dir='ltr'>et</span> <span class='ocrx_word' id='word_1_109' title='bbox 1250 1498 1372 1562; x_wconf 90' lang='lat' dir='ltr'>laceros</span> 
     </span>
     <span class='ocr_line' id='line_1_13' title="bbox 146 1603 1372 1688; baseline 0.001 -22"><span class='ocrx_word' id='word_1_110' title='bbox 146 1625 186 1666; x_wconf 90' lang='lat' dir='ltr'>ac</span> <span class='ocrx_word' id='word_1_111' title='bbox 217 1603 416 1667; x_wconf 89' lang='lat' dir='ltr'>semianimos</span> <span class='ocrx_word' id='word_1_112' title='bbox 447 1610 561 1684; x_wconf 86' lang='lat' dir='ltr'>rogant</span> <span class='ocrx_word' id='word_1_113' title='bbox 599 1614 799 1686; x_wconf 80' lang='lat' dir='ltr'>perseverent</span> <span class='ocrx_word' id='word_1_114' title='bbox 834 1606 965 1670; x_wconf 88' lang='lat' dir='ltr'>vulnera</span> <span class='ocrx_word' id='word_1_115' title='bbox 999 1607 1150 1688; x_wconf 88' lang='lat' dir='ltr'>praebere</span> <span class='ocrx_word' id='word_1_116' title='bbox 1181 1604 1372 1669; x_wconf 81' lang='lat' dir='ltr'>vulneribus.</span> 
     </span>
     <span class='ocr_line' id='line_1_14' title="bbox 150 1693 1371 1792; baseline 0.002 -22"><span class='ocrx_word' id='word_1_117' title='bbox 150 1709 266 1791; x_wconf 83' lang='lat' dir='ltr'>Hygia.</span> <span class='ocrx_word' id='word_1_118' title='bbox 296 1707 359 1773; x_wconf 83' lang='lat' dir='ltr'>fab.</span> <span class='ocrx_word' id='word_1_119' title='bbox 385 1716 446 1772; x_wconf 81' lang='lat'>261</span> <span class='ocrx_word' id='word_1_120' title='bbox 479 1710 544 1774; x_wconf 85' lang='lat' dir='ltr'>sive</span> <span class='ocrx_word' id='word_1_121' title='bbox 575 1711 659 1775; x_wconf 84' lang='lat' dir='ltr'>Serv.</span> <span class='ocrx_word' id='word_1_122' title='bbox 698 1711 739 1774; x_wconf 93' lang='lat' dir='ltr'>ad</span> <span class='ocrx_word' id='word_1_123' title='bbox 767 1712 862 1792; x_wconf 80' lang='lat' dir='ltr'>Verg.</span> <span class='ocrx_word' id='word_1_124' title='bbox 893 1712 970 1776; x_wconf 83' lang='lat' dir='ltr'>Aen.</span> <span class='ocrx_word' id='word_1_125' title='bbox 994 1711 1025 1775; x_wconf 84' lang='lat' dir='ltr'>II</span> <span class='ocrx_word' id='word_1_126' title='bbox 1052 1718 1112 1774; x_wconf 87' lang='lat'>116</span> <span class='ocrx_word' id='word_1_127' title='bbox 1156 1711 1197 1775; x_wconf 89' lang='lat' dir='ltr'>ad</span> <span class='ocrx_word' id='word_1_128' title='bbox 1227 1693 1371 1774; x_wconf 82' lang='lat' dir='ltr'>Lacenae</span> 
     </span>
     <span class='ocr_line' id='line_1_15' title="bbox 150 1815 1373 1890; baseline 0.002 -13"><span class='ocrx_word' id='word_1_129' title='bbox 150 1815 257 1877; x_wconf 87' lang='lat' dir='ltr'>Diana</span> <span class='ocrx_word' id='word_1_130' title='bbox 278 1815 437 1880; x_wconf 88' lang='lat' dir='ltr'>translata</span> <span class='ocrx_word' id='word_1_131' title='bbox 469 1822 531 1890; x_wconf 86' lang='lat' dir='ltr'>est,</span> <span class='ocrx_word' id='word_1_132' title='bbox 562 1816 617 1880; x_wconf 91' lang='lat' dir='ltr'>ubi</span> <span class='ocrx_word' id='word_1_133' title='bbox 649 1815 796 1880; x_wconf 89' lang='lat' dir='ltr'>sacrificii</span> <span class='ocrx_word' id='word_1_134' title='bbox 825 1818 1020 1881; x_wconf 90' lang='lat' dir='ltr'>consuetudo</span> <span class='ocrx_word' id='word_1_135' title='bbox 1044 1817 1281 1881; x_wconf 83' lang='lat' dir='ltr'>adulescentum</span> <span class='ocrx_word' id='word_1_136' title='bbox 1303 1837 1373 1881; x_wconf 86' lang='lat' dir='ltr'>ver-</span> 
     </span>
     <span class='ocr_line' id='line_1_16' title="bbox 126 1919 1371 2006; baseline 0 -22"><span class='ocrx_word' id='word_1_137' title='bbox 126 1926 130 1934; x_wconf 89' lang='lat'>&#39;</span> <span class='ocrx_word' id='word_1_138' title='bbox 150 1919 279 1984; x_wconf 90' lang='lat' dir='ltr'>beribns</span> <span class='ocrx_word' id='word_1_139' title='bbox 295 1920 482 1985; x_wconf 81' lang='lat' dir='ltr'>serrabatur</span> <span class='ocrx_word' id='word_1_140' title='bbox 504 1922 559 2002; x_wconf 89' lang='lat' dir='ltr'>qui</span> <span class='ocrx_word' id='word_1_141' title='bbox 575 1921 771 1986; x_wconf 84' lang='lat' dir='ltr'>vocabantur</span> <span class='ocrx_word' id='word_1_142' title='bbox 786 1924 976 2004; x_wconf 79' lang='grc' dir='ltr'><em>βωμονῖκαι,</em></span> <span class='ocrx_word' id='word_1_143' title='bbox 1002 1923 1078 2006; x_wconf 88' lang='lat' dir='ltr'>quia</span> <span class='ocrx_word' id='word_1_144' title='bbox 1099 1922 1164 1986; x_wconf 88' lang='lat' dir='ltr'>aris</span> <span class='ocrx_word' id='word_1_145' title='bbox 1180 1921 1371 2004; x_wconf 79' lang='lat' dir='ltr'>superpositi</span> 
     </span>
     <span class='ocr_line' id='line_1_17' title="bbox 146 2012 1311 2109; baseline 0.003 -17"><span class='ocrx_word' id='word_1_146' title='bbox 146 2026 383 2092; x_wconf 85' lang='lat' dir='ltr'>contendebant</span> <span class='ocrx_word' id='word_1_147' title='bbox 407 2027 462 2109; x_wconf 92' lang='lat' dir='ltr'>qui</span> <span class='ocrx_word' id='word_1_148' title='bbox 485 2027 579 2109; x_wconf 88' lang='lat' dir='ltr'>plura</span> <span class='ocrx_word' id='word_1_149' title='bbox 603 2034 709 2109; x_wconf 91' lang='lat' dir='ltr'>posset</span> <span class='ocrx_word' id='word_1_150' title='bbox 732 2027 863 2092; x_wconf 88' lang='lat' dir='ltr'>verbera</span> <span class='ocrx_word' id='word_1_151' title='bbox 885 2029 1050 2094; x_wconf 89' lang='lat' dir='ltr'>sustinere.</span> <span class='ocrx_word' id='word_1_152' title='bbox 1305 2012 1311 2019; x_wconf 27' lang='lat'>⁸</span> 
     </span>
     <span class='ocr_line' id='line_1_18' title="bbox 238 2129 1372 2218; baseline 0.002 -22"><span class='ocrx_word' id='word_1_153' title='bbox 238 2134 380 2216; x_wconf 83' lang='lat' dir='ltr'>Apparet</span> <span class='ocrx_word' id='word_1_154' title='bbox 410 2139 516 2197; x_wconf 90' lang='lat' dir='ltr'>autem</span> <span class='ocrx_word' id='word_1_155' title='bbox 547 2129 804 2218; x_wconf 77' lang='grc' dir='ltr'><em>ὄιαμασείγωσιν</em></span> <span class='ocrx_word' id='word_1_156' title='bbox 832 2155 895 2197; x_wconf 91' lang='lat' dir='ltr'>non</span> <span class='ocrx_word' id='word_1_157' title='bbox 919 2141 1003 2198; x_wconf 89' lang='lat' dir='ltr'>certo</span> <span class='ocrx_word' id='word_1_158' title='bbox 1034 2133 1126 2198; x_wconf 90' lang='lat' dir='ltr'>modo</span> <span class='ocrx_word' id='word_1_159' title='bbox 1153 2139 1210 2198; x_wconf 92' lang='lat' dir='ltr'>aut</span> <span class='ocrx_word' id='word_1_160' title='bbox 1232 2139 1372 2216; x_wconf 92' lang='lat' dir='ltr'>tempore</span> 
     </span>
     <span class='ocr_line' id='line_1_19' title="bbox 147 2239 1371 2324; baseline 0 -22"><span class='ocrx_word' id='word_1_161' title='bbox 147 2239 362 2313; x_wconf 87' lang='lat' dir='ltr'>terminatam,</span> <span class='ocrx_word' id='word_1_162' title='bbox 396 2244 432 2304; x_wconf 94' lang='lat' dir='ltr'>ut</span> <span class='ocrx_word' id='word_1_163' title='bbox 455 2239 594 2304; x_wconf 81' lang='lat' dir='ltr'>Sicinius</span> <span class='ocrx_word' id='word_1_164' title='bbox 617 2245 709 2321; x_wconf 91' lang='lat' dir='ltr'>putat</span> <span class='ocrx_word' id='word_1_165' title='bbox 720 2239 754 2324; x_wconf 84' lang='lat'>1),</span> <span class='ocrx_word' id='word_1_166' title='bbox 784 2240 838 2303; x_wconf 89' lang='lat' dir='ltr'>sed</span> <span class='ocrx_word' id='word_1_167' title='bbox 862 2247 1019 2304; x_wconf 90' lang='lat' dir='ltr'>certamen</span> <span class='ocrx_word' id='word_1_168' title='bbox 1042 2239 1140 2304; x_wconf 85' lang='lat' dir='ltr'>fuisse</span> <span class='ocrx_word' id='word_1_169' title='bbox 1162 2239 1246 2303; x_wconf 89' lang='lat' dir='ltr'>unde</span> <span class='ocrx_word' id='word_1_170' title='bbox 1269 2240 1292 2302; x_wconf 93' lang='lat' dir='ltr'>ii</span> <span class='ocrx_word' id='word_1_171' title='bbox 1316 2240 1371 2322; x_wconf 89' lang='lat' dir='ltr'>qui</span> 
     </span>
     <span class='ocr_line' id='line_1_20' title="bbox 148 2343 1372 2428; baseline 0.001 -21"><span class='ocrx_word' id='word_1_172' title='bbox 148 2344 327 2407; x_wconf 85' lang='lat' dir='ltr'>diutissime</span> <span class='ocrx_word' id='word_1_173' title='bbox 361 2344 395 2407; x_wconf 91' lang='lat' dir='ltr'>in</span> <span class='ocrx_word' id='word_1_174' title='bbox 421 2343 615 2428; x_wconf 87' lang='lat' dir='ltr'>perferendis</span> <span class='ocrx_word' id='word_1_175' title='bbox 650 2345 754 2427; x_wconf 81' lang='lat' dir='ltr'>plagis</span> <span class='ocrx_word' id='word_1_176' title='bbox 785 2352 1038 2428; x_wconf 85' lang='lat' dir='ltr'>perseverassent</span> <span class='ocrx_word' id='word_1_177' title='bbox 1071 2347 1205 2410; x_wconf 85' lang='lat' dir='ltr'>victores</span> <span class='ocrx_word' id='word_1_178' title='bbox 1232 2345 1372 2409; x_wconf 89' lang='lat' dir='ltr'>discede-</span> 
     </span>
     <span class='ocr_line' id='line_1_21' title="bbox 150 2441 1371 2528; baseline 0.002 -16"><span class='ocrx_word' id='word_1_179' title='bbox 150 2456 230 2514; x_wconf 85' lang='lat' dir='ltr'>rent.</span> <span class='ocrx_word' id='word_1_180' title='bbox 276 2451 342 2514; x_wconf 81' lang='lat' dir='ltr'>Iam</span> <span class='ocrx_word' id='word_1_181' title='bbox 367 2471 438 2514; x_wconf 92' lang='lat' dir='ltr'>cum</span> <span class='ocrx_word' id='word_1_182' title='bbox 464 2451 559 2515; x_wconf 90' lang='lat' dir='ltr'>verba</span> <span class='ocrx_word' id='word_1_183' title='bbox 582 2441 626 2527; x_wconf 76' lang='grc' dir='ltr'>ὦς</span> <span class='ocrx_word' id='word_1_184' title='bbox 648 2446 822 2528; x_wconf 75' lang='grc' dir='ltr'><strong><em>πλείστους</em></strong></span> <span class='ocrx_word' id='word_1_185' title='bbox 845 2501 852 2515; x_wconf 95' lang='grc'><strong>.</strong></span> <span class='ocrx_word' id='word_1_186' title='bbox 878 2501 884 2515; x_wconf 94' lang='grc'><strong><em>.</em></strong></span> <span class='ocrx_word' id='word_1_187' title='bbox 911 2502 917 2515; x_wconf 92' lang='grc'>.</span> <span class='ocrx_word' id='word_1_188' title='bbox 942 2443 1040 2515; x_wconf 79' lang='grc' dir='ltr'><em>καλὸν</em></span> <span class='ocrx_word' id='word_1_189' title='bbox 1062 2447 1136 2528; x_wconf 67' lang='grc' dir='ltr'><strong><em>θείς</em></strong></span> <span class='ocrx_word' id='word_1_190' title='bbox 1159 2452 1243 2517; x_wconf 88' lang='lat' dir='ltr'>clare</span> <span class='ocrx_word' id='word_1_191' title='bbox 1266 2457 1371 2515; x_wconf 90' lang='lat' dir='ltr'>osten-</span> 
     </span>
     <span class='ocr_line' id='line_1_22' title="bbox 148 2555 1371 2642; baseline 0.002 -24"><span class='ocrx_word' id='word_1_192' title='bbox 148 2555 229 2619; x_wconf 88' lang='lat' dir='ltr'>dant</span> <span class='ocrx_word' id='word_1_193' title='bbox 255 2555 350 2622; x_wconf 87' lang='lat' dir='ltr'>etiarn</span> <span class='ocrx_word' id='word_1_194' title='bbox 379 2562 414 2620; x_wconf 92' lang='lat' dir='ltr'>ut</span> <span class='ocrx_word' id='word_1_195' title='bbox 442 2577 537 2639; x_wconf 87' lang='lat' dir='ltr'>quam</span> <span class='ocrx_word' id='word_1_196' title='bbox 564 2557 754 2642; x_wconf 56' lang='lat' dir='ltr'>plurimosss)</span> <span class='ocrx_word' id='word_1_197' title='bbox 777 2579 884 2623; x_wconf 91' lang='lat' dir='ltr'>caseos</span> <span class='ocrx_word' id='word_1_198' title='bbox 912 2558 975 2634; x_wconf 87' lang='lat' dir='ltr'>vel,</span> <span class='ocrx_word' id='word_1_199' title='bbox 1005 2564 1041 2622; x_wconf 92' lang='lat' dir='ltr'>ut</span> <span class='ocrx_word' id='word_1_200' title='bbox 1067 2558 1122 2624; x_wconf 91' lang='lat' dir='ltr'>ille</span> <span class='ocrx_word' id='word_1_201' title='bbox 1151 2558 1234 2632; x_wconf 80' lang='lat' dir='ltr'>vult,</span> <span class='ocrx_word' id='word_1_202' title='bbox 1265 2557 1371 2639; x_wconf 84' lang='lat' dir='ltr'>sigilla</span> 
     </span>
     <span class='ocr_line' id='line_1_23' title="bbox 150 2663 1370 2760; baseline 0.002 -36"><span class='ocrx_word' id='word_1_203' title='bbox 150 2668 299 2744; x_wconf 90' lang='lat' dir='ltr'>raperent</span> <span class='ocrx_word' id='word_1_204' title='bbox 328 2683 444 2744; x_wconf 90' lang='lat' dir='ltr'>pueros</span> <span class='ocrx_word' id='word_1_205' title='bbox 471 2663 555 2728; x_wconf 92' lang='lat' dir='ltr'>inter</span> <span class='ocrx_word' id='word_1_206' title='bbox 584 2685 616 2728; x_wconf 92' lang='lat' dir='ltr'>se</span> <span class='ocrx_word' id='word_1_207' title='bbox 645 2671 799 2740; x_wconf 88' lang='lat' dir='ltr'>certasse,</span> <span class='ocrx_word' id='word_1_208' title='bbox 833 2686 898 2747; x_wconf 89' lang='lat' dir='ltr'>qua</span> <span class='ocrx_word' id='word_1_209' title='bbox 926 2664 1050 2728; x_wconf 90' lang='lat' dir='ltr'>ratione</span> <span class='ocrx_word' id='word_1_210' title='bbox 1081 2663 1159 2727; x_wconf 91' lang='lat' dir='ltr'>baec</span> <span class='ocrx_word' id='word_1_211' title='bbox 1183 2663 1245 2727; x_wconf 92' lang='lat' dir='ltr'>duo</span> <span class='ocrx_word' id='word_1_212' title='bbox 1269 2670 1370 2760; x_wconf 78' lang='lat' dir='ltr'>certa-</span> 
     </span>
     <span class='ocr_line' id='line_1_24' title="bbox 100 2767 1370 2852; baseline 0.002 -20"><span class='ocrx_word' id='word_1_213' title='bbox 100 2809 103 2814; x_wconf 93' lang='lat'>·</span> <span class='ocrx_word' id='word_1_214' title='bbox 148 2769 236 2832; x_wconf 89' lang='lat' dir='ltr'>mina</span> <span class='ocrx_word' id='word_1_215' title='bbox 264 2767 390 2833; x_wconf 84' lang='lat' dir='ltr'>diversa</span> <span class='ocrx_word' id='word_1_216' title='bbox 419 2769 503 2846; x_wconf 82' lang='lat' dir='ltr'>inter</span> <span class='ocrx_word' id='word_1_217' title='bbox 531 2789 564 2833; x_wconf 91' lang='lat' dir='ltr'>se</span> <span class='ocrx_word' id='word_1_218' title='bbox 593 2769 762 2834; x_wconf 89' lang='lat' dir='ltr'>coniuncta</span> <span class='ocrx_word' id='word_1_219' title='bbox 792 2771 910 2834; x_wconf 88' lang='lat' dir='ltr'>fuerint</span> <span class='ocrx_word' id='word_1_220' title='bbox 938 2791 1139 2852; x_wconf 89' lang='lat' dir='ltr'>nequaquam</span> <span class='ocrx_word' id='word_1_221' title='bbox 1171 2769 1370 2852; x_wconf 87' lang='lat' dir='ltr'>perspicitur.</span> 
     </span>
     <span class='ocr_line' id='line_1_25' title="bbox 147 2873 1371 2957; baseline 0.002 -21"><span class='ocrx_word' id='word_1_222' title='bbox 147 2873 233 2949; x_wconf 84' lang='lat' dir='ltr'>Quid</span> <span class='ocrx_word' id='word_1_223' title='bbox 255 2874 347 2951; x_wconf 92' lang='lat' dir='ltr'>enim,</span> <span class='ocrx_word' id='word_1_224' title='bbox 369 2875 397 2938; x_wconf 91' lang='lat' dir='ltr'>si</span> <span class='ocrx_word' id='word_1_225' title='bbox 412 2875 483 2956; x_wconf 89' lang='lat' dir='ltr'>quis</span> <span class='ocrx_word' id='word_1_226' title='bbox 499 2875 638 2957; x_wconf 89' lang='lat' dir='ltr'>piurima</span> <span class='ocrx_word' id='word_1_227' title='bbox 660 2876 788 2957; x_wconf 87' lang='lat' dir='ltr'>quidem</span> <span class='ocrx_word' id='word_1_228' title='bbox 811 2877 952 2939; x_wconf 93' lang='lat' dir='ltr'>omnium</span> <span class='ocrx_word' id='word_1_229' title='bbox 975 2875 1082 2957; x_wconf 86' lang='lat' dir='ltr'>sigilla</span> <span class='ocrx_word' id='word_1_230' title='bbox 1098 2880 1249 2957; x_wconf 88' lang='lat' dir='ltr'>rapuerat</span> <span class='ocrx_word' id='word_1_231' title='bbox 1272 2881 1371 2938; x_wconf 92' lang='lat' dir='ltr'>certe·</span> 
     </span>
     <span class='ocr_line' id='line_1_26' title="bbox 147 2980 1369 3061; baseline 0.002 -20"><span class='ocrx_word' id='word_1_232' title='bbox 147 2999 211 3061; x_wconf 85' lang='lat' dir='ltr'>que</span> <span class='ocrx_word' id='word_1_233' title='bbox 237 3001 385 3060; x_wconf 77' lang='lat' dir='ltr'>magnam</span> <span class='ocrx_word' id='word_1_234' title='bbox 414 2980 540 3044; x_wconf 91' lang='lat' dir='ltr'>laudem</span> <span class='ocrx_word' id='word_1_235' title='bbox 566 2987 738 3056; x_wconf 86' lang='lat' dir='ltr'>meruerat,</span> <span class='ocrx_word' id='word_1_236' title='bbox 769 2988 880 3046; x_wconf 91' lang='lat' dir='ltr'>contra</span> <span class='ocrx_word' id='word_1_237' title='bbox 906 2982 940 3044; x_wconf 95' lang='lat' dir='ltr'>in</span> <span class='ocrx_word' id='word_1_238' title='bbox 965 2982 1147 3046; x_wconf 82' lang='lat' dir='ltr'>verberibus</span> <span class='ocrx_word' id='word_1_239' title='bbox 1177 2980 1369 3045; x_wconf 87' lang='lat' dir='ltr'>sustinendis</span> 
     </span>
     <span class='ocr_line' id='line_1_27' title="bbox 149 3084 1366 3170; baseline 0.002 -23"><span class='ocrx_word' id='word_1_240' title='bbox 149 3084 303 3148; x_wconf 90' lang='lat' dir='ltr'>minorem</span> <span class='ocrx_word' id='word_1_241' title='bbox 334 3107 429 3168; x_wconf 89' lang='lat' dir='ltr'>quam</span> <span class='ocrx_word' id='word_1_242' title='bbox 466 3087 561 3150; x_wconf 89' lang='lat' dir='ltr'>ceteri</span> <span class='ocrx_word' id='word_1_243' title='bbox 591 3087 776 3168; x_wconf 84' lang='lat' dir='ltr'>praestabat</span> <span class='ocrx_word' id='word_1_244' title='bbox 813 3087 1050 3163; x_wconf 85' lang='lat' dir='ltr'>fortitudinem,</span> <span class='ocrx_word' id='word_1_245' title='bbox 1084 3086 1240 3170; x_wconf 89' lang='lat' dir='ltr'>numquid</span> <span class='ocrx_word' id='word_1_246' title='bbox 1270 3087 1366 3152; x_wconf 92' lang='lat' dir='ltr'>etiam</span> 
     </span>
     <span class='ocr_line' id='line_1_28' title="bbox 151 3180 1369 3278; baseline 0.002 -25"><span class='ocrx_word' id='word_1_247' title='bbox 151 3190 204 3254; x_wconf 93' lang='lat' dir='ltr'>bic</span> <span class='ocrx_word' id='word_1_248' title='bbox 231 3191 314 3254; x_wconf 90' lang='lat' dir='ltr'>inter</span> <span class='ocrx_word' id='word_1_249' title='bbox 344 3187 531 3276; x_wconf 76' lang='grc' dir='ltr'><em>βωμονίνας</em></span> <span class='ocrx_word' id='word_1_250' title='bbox 558 3192 771 3257; x_wconf 85' lang='lat' dir='ltr'>referebatur?</span> <span class='ocrx_word' id='word_1_251' title='bbox 816 3193 859 3256; x_wconf 91' lang='lat' dir='ltr'>Et</span> <span class='ocrx_word' id='word_1_252' title='bbox 881 3214 920 3256; x_wconf 92' lang='lat' dir='ltr'>ne</span> <span class='ocrx_word' id='word_1_253' title='bbox 943 3214 979 3257; x_wconf 92' lang='lat' dir='ltr'>ea</span> <span class='ocrx_word' id='word_1_254' title='bbox 1003 3193 1129 3276; x_wconf 92' lang='lat' dir='ltr'>quidem</span> <span class='ocrx_word' id='word_1_255' title='bbox 1153 3214 1248 3274; x_wconf 90' lang='lat' dir='ltr'>quam</span> <span class='ocrx_word' id='word_1_256' title='bbox 1270 3180 1369 3278; x_wconf 75' lang='grc' dir='ltr'><em>ἀλγή-</em></span> 
     </span>
     <span class='ocr_line' id='line_1_29' title="bbox 150 3295 1367 3364; baseline 0.002 -4"><span class='ocrx_word' id='word_1_257' title='bbox 150 3309 253 3360; x_wconf 82' lang='grc' dir='ltr'><em>σαντα</em></span> <span class='ocrx_word' id='word_1_258' title='bbox 274 3304 378 3361; x_wconf 90' lang='lat' dir='ltr'>movet</span> <span class='ocrx_word' id='word_1_259' title='bbox 400 3295 531 3362; x_wconf 87' lang='lat' dir='ltr'>offensio</span> <span class='ocrx_word' id='word_1_260' title='bbox 555 3297 667 3362; x_wconf 90' lang='lat' dir='ltr'>Steinii</span> <span class='ocrx_word' id='word_1_261' title='bbox 691 3299 910 3363; x_wconf 89' lang='lat' dir='ltr'>emendatione</span> <span class='ocrx_word' id='word_1_262' title='bbox 932 3299 1063 3363; x_wconf 87' lang='lat' dir='ltr'>tollitur.</span> <span class='ocrx_word' id='word_1_263' title='bbox 1103 3299 1162 3363; x_wconf 87' lang='lat' dir='ltr'>Est</span> <span class='ocrx_word' id='word_1_264' title='bbox 1185 3300 1269 3364; x_wconf 91' lang='lat' dir='ltr'>enim</span> <span class='ocrx_word' id='word_1_265' title='bbox 1294 3300 1367 3362; x_wconf 91' lang='lat' dir='ltr'>uni-</span> 
     </span>
     <span class='ocr_line' id='line_1_30' title="bbox 148 3391 1367 3491; baseline 0.002 -25"><span class='ocrx_word' id='word_1_266' title='bbox 148 3403 264 3485; x_wconf 89' lang='lat' dir='ltr'>cuique</span> <span class='ocrx_word' id='word_1_267' title='bbox 293 3403 494 3486; x_wconf 90' lang='lat' dir='ltr'>perspicuum</span> <span class='ocrx_word' id='word_1_268' title='bbox 517 3403 597 3468; x_wconf 89' lang='lat' dir='ltr'>iliud</span> <span class='ocrx_word' id='word_1_269' title='bbox 620 3391 811 3491; x_wconf 73' lang='grc' dir='ltr'><em>ἀλγήσαντα,</em></span> <span class='ocrx_word' id='word_1_270' title='bbox 846 3401 941 3487; x_wconf 73' lang='lat' dir='ltr'>quiid,</span> <span class='ocrx_word' id='word_1_271' title='bbox 972 3427 1043 3469; x_wconf 90' lang='lat' dir='ltr'>cum</span> <span class='ocrx_word' id='word_1_272' title='bbox 1066 3406 1180 3488; x_wconf 91' lang='lat' dir='ltr'>rapina</span> <span class='ocrx_word' id='word_1_273' title='bbox 1203 3405 1273 3487; x_wconf 88' lang='lat' dir='ltr'>ipsa</span> <span class='ocrx_word' id='word_1_274' title='bbox 1296 3426 1367 3468; x_wconf 91' lang='lat' dir='ltr'>cum</span> 
     </span>
     <span class='ocr_line' id='line_1_31' title="bbox 149 3500 1369 3595; baseline 0.001 -23"><span class='ocrx_word' id='word_1_275' title='bbox 149 3508 315 3574; x_wconf 86' lang='lat' dir='ltr'>doloribus</span> <span class='ocrx_word' id='word_1_276' title='bbox 339 3530 401 3573; x_wconf 91' lang='lat' dir='ltr'>non</span> <span class='ocrx_word' id='word_1_277' title='bbox 425 3510 467 3573; x_wconf 89' lang='lat' dir='ltr'>sit</span> <span class='ocrx_word' id='word_1_278' title='bbox 490 3511 668 3586; x_wconf 89' lang='lat' dir='ltr'>coniuncta,</span> <span class='ocrx_word' id='word_1_279' title='bbox 692 3510 732 3576; x_wconf 90' lang='lat' dir='ltr'>ad</span> <span class='ocrx_word' id='word_1_280' title='bbox 749 3500 897 3595; x_wconf 77' lang='grc' dir='ltr'><em>ἁρπάσαι</em></span> <span class='ocrx_word' id='word_1_281' title='bbox 914 3511 1026 3576; x_wconf 77' lang='lat' dir='ltr'>referri</span> <span class='ocrx_word' id='word_1_282' title='bbox 1042 3517 1186 3594; x_wconf 85' lang='lat' dir='ltr'>nequeat,</span> <span class='ocrx_word' id='word_1_283' title='bbox 1209 3511 1251 3575; x_wconf 89' lang='lat' dir='ltr'>ad</span> <span class='ocrx_word' id='word_1_284' title='bbox 1267 3511 1369 3574; x_wconf 91' lang='lat' dir='ltr'>solum</span> 
     </span>
    </p>
   </div>
   <div class='ocr_carea' id='block_1_3' title="bbox 148 3715 1434 4231">
    <p class='ocr_par' dir='ltr' id='par_1_3' title="bbox 240 3715 1148 3790">
     <span class='ocr_line' id='line_1_32' title="bbox 240 3715 1148 3790; baseline 0 -15"><span class='ocrx_word' id='word_1_285' title='bbox 240 3723 259 3788; x_wconf 83' lang='lat'>¹)</span> <span class='ocrx_word' id='word_1_286' title='bbox 279 3722 347 3775; x_wconf 86' lang='lat' dir='ltr'>Nam</span> <span class='ocrx_word' id='word_1_287' title='bbox 368 3721 431 3774; x_wconf 88' lang='lat' dir='ltr'>dicit</span> <span class='ocrx_word' id='word_1_288' title='bbox 450 3715 501 3774; x_wconf 75' lang='lat' dir='ltr'>‘die</span> <span class='ocrx_word' id='word_1_289' title='bbox 520 3721 640 3789; x_wconf 81' lang='lat' dir='ltr'>folgende</span> <span class='ocrx_word' id='word_1_290' title='bbox 659 3721 817 3790; x_wconf 85' lang='lat' dir='ltr'>Geisselung</span> <span class='ocrx_word' id='word_1_291' title='bbox 836 3722 1021 3775; x_wconf 85' lang='lat' dir='ltr'>bestanden</span> <span class='ocrx_word' id='word_1_292' title='bbox 1040 3715 1148 3775; x_wconf 79' lang='lat' dir='ltr'>hatten&#39;.</span> 
     </span>
    </p>

    <p class='ocr_par' dir='ltr' id='par_1_4' title="bbox 148 3804 1434 4231">
     <span class='ocr_line' id='line_1_33' title="bbox 240 3804 1369 3878; baseline 0 -18"><span class='ocrx_word' id='word_1_293' title='bbox 240 3813 260 3876; x_wconf 67' lang='lat'>²)</span> <span class='ocrx_word' id='word_1_294' title='bbox 278 3805 386 3864; x_wconf 66' lang='grc' dir='ltr'>τούτους</span> <span class='ocrx_word' id='word_1_295' title='bbox 414 3825 552 3876; x_wconf 90' lang='lat' dir='ltr'>pronomen</span> <span class='ocrx_word' id='word_1_296' title='bbox 580 3809 696 3863; x_wconf 87' lang='lat' dir='ltr'>Steinius</span> <span class='ocrx_word' id='word_1_297' title='bbox 720 3804 884 3878; x_wconf 74' lang='lat' dir='ltr'>‘diejenigem</span> <span class='ocrx_word' id='word_1_298' title='bbox 913 3810 1008 3863; x_wconf 82' lang='lat' dir='ltr'>n&#39;elcbe</span> <span class='ocrx_word' id='word_1_299' title='bbox 1036 3828 1064 3863; x_wconf 91' lang='lat' dir='ltr'>so</span> <span class='ocrx_word' id='word_1_300' title='bbox 1091 3809 1225 3877; x_wconf 80' lang='lat' dir='ltr'>glbcklicb</span> <span class='ocrx_word' id='word_1_301' title='bbox 1252 3824 1369 3877; x_wconf 82' lang='lat' dir='ltr'>genesen</span> 
     </span>
     <span class='ocr_line' id='line_1_34' title="bbox 150 3896 1368 3966; baseline 0.001 -19"><span class='ocrx_word' id='word_1_302' title='bbox 150 3913 244 3964; x_wconf 82' lang='lat' dir='ltr'>waren,</span> <span class='ocrx_word' id='word_1_303' title='bbox 263 3897 302 3949; x_wconf 88' lang='lat' dir='ltr'>ein</span> <span class='ocrx_word' id='word_1_304' title='bbox 329 3896 543 3950; x_wconf 82' lang='lat' dir='ltr'>thterbiidcben</span> <span class='ocrx_word' id='word_1_305' title='bbox 569 3915 602 3950; x_wconf 90' lang='lat' dir='ltr'>zu</span> <span class='ocrx_word' id='word_1_306' title='bbox 627 3897 732 3951; x_wconf 85' lang='lat' dir='ltr'>rauben&#39;</span> <span class='ocrx_word' id='word_1_307' title='bbox 753 3914 845 3965; x_wconf 84' lang='lat' dir='ltr'>parum</span> <span class='ocrx_word' id='word_1_308' title='bbox 871 3902 939 3950; x_wconf 88' lang='lat' dir='ltr'>recte</span> <span class='ocrx_word' id='word_1_309' title='bbox 962 3899 1157 3966; x_wconf 88' lang='lat' dir='ltr'>interpretatur.</span> <span class='ocrx_word' id='word_1_310' title='bbox 1195 3897 1266 3949; x_wconf 89' lang='lat' dir='ltr'>Nam</span> <span class='ocrx_word' id='word_1_311' title='bbox 1285 3897 1315 3964; x_wconf 72' lang='lat' dir='ltr'>si,</span> <span class='ocrx_word' id='word_1_312' title='bbox 1341 3896 1368 3949; x_wconf 91' lang='lat' dir='ltr'>id</span> 
     </span>
     <span class='ocr_line' id='line_1_35' title="bbox 148 3983 1434 4053; baseline -0.001 -16"><span class='ocrx_word' id='word_1_313' title='bbox 148 3985 219 4052; x_wconf 87' lang='lat' dir='ltr'>quod</span> <span class='ocrx_word' id='word_1_314' title='bbox 238 3985 397 4050; x_wconf 73' lang='lat' dir='ltr'>dubitamus,</span> <span class='ocrx_word' id='word_1_315' title='bbox 417 3984 483 4037; x_wconf 90' lang='lat' dir='ltr'>illud</span> <span class='ocrx_word' id='word_1_316' title='bbox 503 4002 642 4052; x_wconf 90' lang='lat' dir='ltr'>pronomen</span> <span class='ocrx_word' id='word_1_317' title='bbox 662 3987 902 4052; x_wconf 88' lang='lat' dir='ltr'>interpretationem</span> <span class='ocrx_word' id='word_1_318' title='bbox 921 3986 1054 4053; x_wconf 81' lang='lat' dir='ltr'>admittat,</span> <span class='ocrx_word' id='word_1_319' title='bbox 1075 3986 1141 4040; x_wconf 86' lang='lat' dir='ltr'>nibil</span> <span class='ocrx_word' id='word_1_320' title='bbox 1160 3984 1232 4037; x_wconf 88' lang='lat' dir='ltr'>aliud</span> <span class='ocrx_word' id='word_1_321' title='bbox 1249 3983 1370 4037; x_wconf 85' lang='lat' dir='ltr'>videatur</span> <span class='ocrx_word' id='word_1_322' title='bbox 1432 4039 1434 4044; x_wconf 73' lang='grc'>,</span> 
     </span>
     <span class='ocr_line' id='line_1_36' title="bbox 150 4072 1367 4142; baseline 0 -18"><span class='ocrx_word' id='word_1_323' title='bbox 150 4074 297 4141; x_wconf 84' lang='lat' dir='ltr'>significare</span> <span class='ocrx_word' id='word_1_324' title='bbox 316 4089 400 4141; x_wconf 68' lang='lat' dir='ltr'>quam*</span> <span class='ocrx_word' id='word_1_325' title='bbox 414 4089 457 4126; x_wconf 85' lang='lat' dir='ltr'>cos</span> <span class='ocrx_word' id='word_1_326' title='bbox 475 4075 519 4141; x_wconf 84' lang='lat' dir='ltr'>qui</span> <span class='ocrx_word' id='word_1_327' title='bbox 539 4090 616 4141; x_wconf 90' lang='lat' dir='ltr'>quam</span> <span class='ocrx_word' id='word_1_328' title='bbox 636 4075 762 4140; x_wconf 87' lang='lat' dir='ltr'>plurimos</span> <span class='ocrx_word' id='word_1_329' title='bbox 776 4091 863 4127; x_wconf 89' lang='lat' dir='ltr'>caseos</span> <span class='ocrx_word' id='word_1_330' title='bbox 876 4074 986 4142; x_wconf 79' lang='lat' dir='ltr'>(sigilla)</span> <span class='ocrx_word' id='word_1_331' title='bbox 1001 4077 1150 4142; x_wconf 89' lang='lat' dir='ltr'>rapuerunt.</span> <span class='ocrx_word' id='word_1_332' title='bbox 1170 4072 1268 4126; x_wconf 90' lang='lat' dir='ltr'>Multos</span> <span class='ocrx_word' id='word_1_333' title='bbox 1280 4077 1367 4125; x_wconf 86' lang='lat' dir='ltr'>autem</span> 
     </span>
     <span class='ocr_line' id='line_1_37' title="bbox 150 4161 1369 4231; baseline -0.002 -17"><span class='ocrx_word' id='word_1_334' title='bbox 150 4163 278 4228; x_wconf 87' lang='lat' dir='ltr'>surripere</span> <span class='ocrx_word' id='word_1_335' title='bbox 304 4178 390 4215; x_wconf 89' lang='lat' dir='ltr'>caseos</span> <span class='ocrx_word' id='word_1_336' title='bbox 416 4162 456 4214; x_wconf 80' lang='lat' dir='ltr'>vel</span> <span class='ocrx_word' id='word_1_337' title='bbox 481 4161 571 4230; x_wconf 84' lang='lat' dir='ltr'>sigilla</span> <span class='ocrx_word' id='word_1_338' title='bbox 597 4162 762 4228; x_wconf 88' lang='lat' dir='ltr'>paucissimis</span> <span class='ocrx_word' id='word_1_339' title='bbox 786 4165 892 4215; x_wconf 88' lang='lat' dir='ltr'>tantum</span> <span class='ocrx_word' id='word_1_340' title='bbox 917 4163 1078 4231; x_wconf 82' lang='lat' dir='ltr'>contigisset,</span> <span class='ocrx_word' id='word_1_341' title='bbox 1104 4163 1142 4215; x_wconf 80' lang='lat' dir='ltr'>itu</span> <span class='ocrx_word' id='word_1_342' title='bbox 1166 4166 1195 4214; x_wconf 87' lang='lat' dir='ltr'>ut</span> <span class='ocrx_word' id='word_1_343' title='bbox 1218 4162 1369 4229; x_wconf 86' lang='lat' dir='ltr'>paucissimi</span> 
     </span>
    </p>
   </div>
   <div class='ocr_carea' id='block_1_4' title="bbox 150 4248 1369 4374">
    <p class='ocr_par' dir='ltr' id='par_1_5' title="bbox 150 4248 1369 4374">
     <span class='ocr_line' id='line_1_38' title="bbox 150 4248 1369 4322; baseline -0.002 -18"><span class='ocrx_word' id='word_1_344' title='bbox 150 4250 185 4304; x_wconf 88' lang='lat' dir='ltr'>ad</span> <span class='ocrx_word' id='word_1_345' title='bbox 204 4248 420 4322; x_wconf 56' lang='lat' dir='ltr'>drapacrr&#39;puoorr</span> <span class='ocrx_word' id='word_1_346' title='bbox 439 4250 546 4304; x_wconf 88' lang='lat' dir='ltr'>admissi</span> <span class='ocrx_word' id='word_1_347' title='bbox 565 4253 658 4316; x_wconf 86' lang='lat' dir='ltr'>essent,</span> <span class='ocrx_word' id='word_1_348' title='bbox 687 4250 757 4318; x_wconf 90' lang='lat' dir='ltr'>quod</span> <span class='ocrx_word' id='word_1_349' title='bbox 776 4267 864 4304; x_wconf 86' lang='lat' dir='ltr'>verum</span> <span class='ocrx_word' id='word_1_350' title='bbox 889 4267 939 4304; x_wconf 92' lang='lat' dir='ltr'>non</span> <span class='ocrx_word' id='word_1_351' title='bbox 959 4267 1045 4303; x_wconf 87' lang='lat' dir='ltr'>essee</span> <span class='ocrx_word' id='word_1_352' title='bbox 1064 4250 1127 4303; x_wconf 89' lang='lat' dir='ltr'>locis</span> <span class='ocrx_word' id='word_1_353' title='bbox 1146 4251 1235 4303; x_wconf 87' lang='lat' dir='ltr'>allatis</span> <span class='ocrx_word' id='word_1_354' title='bbox 1253 4253 1369 4318; x_wconf 87' lang='lat' dir='ltr'>apparet.</span> 
     </span>
     <span class='ocr_line' id='line_1_39' title="bbox 1342 4349 1355 4374; baseline 0 0"><span class='ocrx_word' id='word_1_355' title='bbox 1342 4349 1355 4374; x_wconf 72' lang='lat'>0</span> 
     </span>
    </p>
   </div>
   <div class='ocr_carea' id='block_1_5' title="bbox 0 0 1622 4894">
    <p class='ocr_par' dir='ltr' id='par_1_6' title="bbox 0 0 1622 4894">
     <span class='ocr_line' id='line_1_40' title="bbox 0 0 1622 4894; baseline 0 0"><span class='ocrx_word' id='word_1_356' title='bbox 0 0 1622 4894; x_wconf 95' lang='lat' dir='ltr'> </span> 
     </span>
    </p>
   </div>
  </div>
 </body>
</html>
