3236 4894
845 221 886 276 Μ

254 449 316 511 que
338 427 506 492 comitibus
536 447 710 490 sermonem
740 445 807 491 esse
837 425 951 490 dicens.
964 425 990 509 ¹)
1036 425 1153 490 Verum
1176 426 1272 492 verba
1294 417 1350 490 διὰ
1373 416 1410 489 τὸ
1432 418 1479 514 μὴ

254 525 337 598 εἶναι
361 520 445 597 όποο
467 519 506 596 όίν
520 520 779 620 ἀποφαινόμενοι
802 519 1002 612 εὐδοκιμοῖεν
1024 552 1087 595 non
1103 530 1142 596 de
1157 533 1264 614 pueris
1279 533 1355 597 solis
1371 533 1427 596 sed
1443 533 1479 596 in

256 641 437 704 universum
468 645 541 703 sunt
564 637 765 721 accipienda3
794 659 869 702 nam
892 637 919 702 si
942 645 1046 702 aetate
1076 638 1287 720 provectiores
1310 639 1479 721 equitandi

255 753 357 811 artem
373 745 573 810 ostendentes
596 744 731 826 gloriam
754 744 815 807 sibi
838 765 952 826 perere
967 744 1154 827 potuissent,
1178 745 1268 808 nulla
1290 751 1359 808 erat
1382 765 1481 810 causa

255 875 312 917 cur
335 853 395 916 hoc
417 851 556 916 studium
580 850 842 932 exstingueretur.
887 849 1002 914 Iisdem
1032 856 1137 914 autem
1166 849 1243 914 locis
1266 849 1320 934 (ἐξ
1347 859 1395 927 12,
1423 851 1480 936 13)

255 965 365 1041 aperte
388 956 616 1022 contradicitur
638 955 677 1019 iis
701 976 784 1038 quoe
809 954 985 1038 Xenophon
1008 955 1075 1038 ipse
1097 954 1174 1020 alibi
1197 956 1357 1022 iudicavit.
1395 956 1480 1021 Nam

255 1065 290 1128 in
322 1062 464 1128 Anabl
496 1069 524 1140 9,
555 1070 573 1126 5
602 1083 649 1144 sq.
693 1061 861 1126 Persarum
895 1061 1061 1143 equitandi
1102 1060 1300 1144 venandique
1335 1062 1481 1127 studium

255 1175 519 1235 commemoratur
534 1175 566 1234 et
581 1169 614 1231 in
631 1167 745 1252 Cyrop.
762 1167 840 1232 VIlI
862 1179 886 1244 1,
904 1175 944 1232 36
961 1168 1040 1232 haec
1056 1169 1220 1251 leguntur:
1243 1166 1299 1230 καί
1315 1165 1367 1231 νῖν
1382 1157 1412 1232 δ’
1430 1163 1482 1232 έτι

255 1267 406 1359 βασιλεὺς
428 1272 484 1338 καί
510 1268 540 1338 oi
563 1261 655 1338 όίλλοι
672 1267 703 1337 oi
720 1272 795 1360 περὶ
812 1270 950 1356 βασιλέα
965 1270 1065 1337 ταῦτα
1081 1270 1250 1350 ποιοῦντες
1266 1271 1480 1351 διατελοῦσιν,

257 1381 312 1445 ubi
333 1378 434 1444 ταῦτα
463 1401 537 1445 voce
567 1401 604 1475 ea
639 1389 733 1463 quae'
748 1386 843 1444 antee
866 1378 905 1444 de
927 1379 1069 1463 corporis
1092 1379 1372 1444 exercitationibus
1395 1400 1481 1462 quae

257 1486 401 1552 venando
430 1485 512 1550 fiunt
540 1484 626 1551 diota
655 1491 729 1550 sunt
751 1485 974 1569 comprehendi
995 1492 1080 1551 recte
1102 1484 1309 1551 Schenkelius
1332 1486 1481 1550 animad-

257 1593 360 1658 vertit.
377 1592 403 1677 ²)
449 1591 532 1656 Huic
563 1591 738 1657 sententiae
766 1591 863 1656 verba
892 1591 1008 1674 epilogi
1038 1595 1058 1671 ξ
1084 1599 1122 1654 12
1152 1591 1199 1656 ita
1221 1591 1346 1655 demum
1368 1613 1485 1656 conve-

257 1699 373 1774 nirent,
406 1697 433 1762 si
456 1719 518 1762 uon
543 1685 650 1761 οίκέτι
674 1686 795 1779 ὁμοίιος
827 1697 882 1762 sad
905 1692 954 1761 ἔτι
977 1686 1098 1778 ὁμοίιος
1121 1697 1273 1780 scriptum
1295 1697 1483 1778 legeremus.

257 1805 301 1870 Et
322 1825 404 1888 quae
426 1807 446 1884 ξ
472 1812 510 1868 13
535 1803 698 1867 dicuntur:
721 1794 891 1885 τὸμέντοι
915 1794 1004 1888 (τοὺς
1026 1801 1166 1886 παῖδας)
1188 1793 1229 1865 τὰ
1253 1794 1380 1866 ἱππικὰ
1395 1826 1483 1884 μαν-

258 1901 372 1975 eavea
402 1908 458 1974 καί
486 1905 620 1991 μελετᾶν
648 1896 817 1996 ἀπέσβηκε
846 1907 1004 1992 quomodo
1027 1913 1207 1990 congruunt
1234 1929 1304 1972 cum
1335 1908 1376 1972 iis
1399 1930 1486 1991 quae

257 2016 436 2100 Xenophon
458 2014 498 2079 de
519 2035 690 2098 puerorum
712 2015 879 2079 Persarum
902 2013 1071 2097 disciplina
1093 2014 1127 2077 in
1152 2013 1253 2079 Anah.
1276 2015 1366 2090 Iaa
1389 2013 1486 2078 nobis

257 2122 381 2187 tradit?
424 2119 546 2185 Ibidem
568 2119 647 2184 haec
669 2119 782 2184 habes:
811 2111 931 2195 πάντες
953 2110 1013 2203 γὰρ
1040 2113 1070 2182 oi
1094 2117 1159 2182 τῶν
1181 2107 1322 2205 όρίστων
1346 2117 1488 2205 Περσῶν

259 2226 379 2303 παῖδες
401 2223 460 2289 ἐπὶ
481 2228 554 2302 ταῖς
575 2223 736 2306 βασιλέως
758 2216 876 2310 θόραις
898 2216 1125 2288 παιδεύονται·
1166 2220 1250 2289 ἔνθα
1279 2217 1402 2312 πολλὴν
1423 2223 1488 2307 μέν

260 2316 1486 2420 σωμωηωώὣῶηηώψὼδῶὼῶᾋώωῶί

260 2434 343 2503 ἰδεῖν
366 2431 445 2516 ἐστι,
476 2437 518 2501 in
548 2436 664 2520 epilogi
693 2440 733 2518 ἐξ
759 2445 887 2502 13-14
914 2436 1009 2501 haec:
1048 2434 1104 2500 καί
1139 2425 1194 2504 ότι
1226 2460 1260 2522 γε
1297 2431 1328 2500 οἱ
1363 2435 1489 2514 παῖδες

259 2533 430 2621 οἶκοόοντες
459 2540 527 2608 ἐκεῖ
556 2534 706 2628 πρόσθεν
735 2533 794 2620 τὰς
825 2537 920 2620 δίκας
949 2537 1086 2619 δικαίως
1115 2540 1328 2624 δικαζομένας
1350 2531 1489 2606 ἐδόκουν

260 2641 439 2732 μανθάνειν
484 2639 691 2735 δικαιότητα,
744 2647 800 2712 καί
845 2646 939 2712 τοῦτο
984 2639 1198 2712 παντάπασιν
1243 2637 1486 2733 ἀνέστραπται·

261 2753 378 2844 σαφῶς
401 2747 461 2840 γὰρ
491 2744 590 2837 ὁρῶσι
618 2751 774 2830 νικῶντας
804 2743 956 2839 ὁπότεροι
992 2741 1031 2818 ib
1058 2752 1174 2817 πλεῖον
1204 2751 1321 2818 διδιῦσι
1345 2801 1487 2817 ......

261 2859 314 2926 νῦν
330 2858 379 2930 ,δέ
413 2856 541 2925 ἐοίκασι
571 2857 672 2924 ταῦτα
702 2858 951 2941 διδασκομένοις
996 2847 1087 2936 όπιος
1128 2847 1179 2922 ότι
1208 2858 1350 2922 πλεῖστα
1381 2882 1486 2924 κακο-

262 2965 414 3032 ποιῶσιν.
472 2963 585 3030 Nonne
630 2964 709 3030 haec
753 2965 853 3029 inter.
881 2986 914 3029 se
954 2965 1050 3049 plane
1094 2964 1297 3048 repugnant?
1351 2965 1489 3030 Diversa

263 3094 330 3138 essa
373 3079 518 3155 tempora
564 3071 611 3135 ait
628 3071 655 3155 ³)
700 3070 883 3148 Emblonos,
929 3092 1000 3135 cum
1049 3071 1208 3136 Anabasis
1249 3070 1355 3136 decem
1392 3072 1491 3136 annis

262 3186 338 3243 ante
372 3178 532 3262 epilogum
566 3177 608 3242 sit
642 3176 793 3243 confecta.
843 3177 904 3242 Sed
932 3175 1087 3259 numquid
1123 3184 1190 3241 tam
1219 3175 1305 3240 brevi
1333 3178 1492 3259 temporis

264 3284 368 3367 spatio
403 3305 505 3348 mores
529 3284 697 3348 Persarum
726 3282 806 3348 adeo
837 3289 1003 3366 corruptos
1033 3303 1101 3346 esse
1129 3289 1273 3365 putemus
1296 3287 1333 3347 ut
1355 3283 1389 3346 in
1411 3303 1492 3348 con-

263 3390 399 3458 trarium
431 3389 573 3455 conversi
597 3391 720 3454 essent?
754 3389 872 3454 Verum
894 3389 962 3472 ipse
985 3388 1102 3476 epilogi
1126 3387 1260 3471 scriptor
1283 3388 1347 3452 iam
1370 3387 1445 3452 inde
1470 3409 1492 3454 a

265 3495 347 3580 Cyro
370 3502 495 3561 mortuo
519 3495 605 3578 apud
628 3495 741 3560 Persas
764 3495 870 3559 omnia
893 3515 960 3560 esse
982 3500 1107 3558 mutata
1130 3501 1227 3576 atque
1246 3500 1395 3576 corrupta
1412 3515 1491 3558 con-

263 3602 368 3667 tendit
396 3605 416 3683 §
440 3609 458 3665 2
482 3600 533 3664 his
555 3600 677 3666 verbis:
708 3596 783 3663 έπεί-
806 3597 917 3681 μέντοι
941 3597 1047 3685 Κῦρος
1071 3589 1277 3686 ἕτελεότφσεν,
1307 3586 1405 3675 εὐθὺς
1426 3597 1492 3680 μὲν

264 3697 361 3772 adnot
384 3701 416 3771 oi
438 3705 557 3782 παῖδες
579 3700 779 3784 ἐστασίαζον,
803 3692 900 3782 εὐθὺς
915 3702 952 3769 δὲ
974 3696 1089 3782 πόλεις
1110 3703 1167 3768 καί
1191 3700 1272 3792 ἔδει]
1293 3692 1489 3792 ἀφίσταντο,

264 3805 375 3878 πόντοι
397 3799 427 3877 δ>
452 3809 512 3876 ἐπὶ
533 3801 571 3875 τὸ
604 3813 708 3896 χεῖρον
741 3807 904 3897 ἐτρέπετο.
957 3810 1029 3875 Non
1057 3810 1159 3892 magis
1190 3817 1238 3876 est
1265 3810 1492 3894 Xenophontis

357 4096 571 4164 hhcpw

356 4184 591 4253 bhapmh

356 4273 574 4341 bhopffi
