<?xml version="1.0" encoding="UTF-8"?>
<!DOCTYPE html PUBLIC "-//W3C//DTD XHTML 1.0 Transitional//EN"
    "http://www.w3.org/TR/xhtml1/DTD/xhtml1-transitional.dtd">
<html xmlns="http://www.w3.org/1999/xhtml" xml:lang="en" lang="en">
 <head>
  <title>
</title>
<meta http-equiv="Content-Type" content="text/html;charset=utf-8" />
  <meta name='ocr-system' content='tesseract 3.04.00' />
  <meta name='ocr-capabilities' content='ocr_page ocr_carea ocr_par ocr_line ocrx_word'/>
</head>
<body>
  <div class='ocr_page' id='page_1' title='image "./quaestionesinxe00wulfgoog_0054.png"; bbox 0 0 3236 4894; ppageno 0'>
   <div class='ocr_carea' id='block_1_1' title="bbox 714 254 756 311">
    <p class='ocr_par' dir='ltr' id='par_1_1' title="bbox 714 254 756 311">
     <span class='ocr_line' id='line_1_1' title="bbox 714 254 756 311; baseline 0 0"><span class='ocrx_word' id='word_1_1' title='bbox 714 254 756 311; x_wconf 81' lang='lat'><strong><em>45</em></strong></span> 
     </span>
    </p>
   </div>
   <div class='ocr_carea' id='block_1_2' title="bbox 23 460 1348 1394">
    <p class='ocr_par' dir='ltr' id='par_1_2' title="bbox 23 460 1348 1394">
     <span class='ocr_line' id='line_1_2' title="bbox 121 460 1348 544; baseline -0.001 -16"><span class='ocrx_word' id='word_1_2' title='bbox 121 464 243 529; x_wconf 84' lang='lat' dir='ltr'>leviora</span> <span class='ocrx_word' id='word_1_3' title='bbox 272 482 504 544; x_wconf 87' lang='lat' dir='ltr'>nonnunquam</span> <span class='ocrx_word' id='word_1_4' title='bbox 534 466 658 524; x_wconf 87' lang='lat' dir='ltr'>servata</span> <span class='ocrx_word' id='word_1_5' title='bbox 686 467 760 524; x_wconf 90' lang='lat' dir='ltr'>sunt</span> <span class='ocrx_word' id='word_1_6' title='bbox 772 463 806 544; x_wconf 88' lang='lat'><strong><em>¹).</em></strong></span> <span class='ocrx_word' id='word_1_7' title='bbox 853 461 983 526; x_wconf 75' lang='lat' dir='ltr'>Accedit</span> <span class='ocrx_word' id='word_1_8' title='bbox 1012 460 1097 543; x_wconf 92' lang='lat' dir='ltr'>quod</span> <span class='ocrx_word' id='word_1_9' title='bbox 1120 462 1221 527; x_wconf 91' lang='lat' dir='ltr'>maior</span> <span class='ocrx_word' id='word_1_10' title='bbox 1244 463 1348 528; x_wconf 84' lang='lat' dir='ltr'>libelli</span> 
     </span>
     <span class='ocr_line' id='line_1_3' title="bbox 23 551 1348 654; baseline -0.001 -20"><span class='ocrx_word' id='word_1_11' title='bbox 23 551 27 564; x_wconf 78' lang='lat'>.</span> <span class='ocrx_word' id='word_1_12' title='bbox 121 592 197 654; x_wconf 90' lang='lat' dir='ltr'>pars</span> <span class='ocrx_word' id='word_1_13' title='bbox 231 569 354 633; x_wconf 91' lang='lat' dir='ltr'>nullum</span> <span class='ocrx_word' id='word_1_14' title='bbox 388 568 545 650; x_wconf 79' lang='lat' dir='ltr'>epitomae</span> <span class='ocrx_word' id='word_1_15' title='bbox 573 567 740 648; x_wconf 83' lang='lat' dir='ltr'>vestigium</span> <span class='ocrx_word' id='word_1_16' title='bbox 767 566 883 649; x_wconf 79' lang='lat' dir='ltr'>prodit,</span> <span class='ocrx_word' id='word_1_17' title='bbox 918 590 987 632; x_wconf 90' lang='lat' dir='ltr'><strong><em>cum</em></strong></span> <span class='ocrx_word' id='word_1_18' title='bbox 1016 568 1104 651; x_wconf 85' lang='lat' dir='ltr'>ipsae</span> <span class='ocrx_word' id='word_1_19' title='bbox 1140 569 1348 633; x_wconf 82' lang='lat' dir='ltr'>transitiones</span> 
     </span>
     <span class='ocr_line' id='line_1_4' title="bbox 121 671 1344 755; baseline -0.002 -13"><span class='ocrx_word' id='word_1_20' title='bbox 121 675 231 742; x_wconf 90' lang='lat' dir='ltr'>sedulo</span> <span class='ocrx_word' id='word_1_21' title='bbox 255 679 398 738; x_wconf 85' lang='lat' dir='ltr'>servatae</span> <span class='ocrx_word' id='word_1_22' title='bbox 421 673 493 736; x_wconf 88' lang='lat' dir='ltr'>sint.</span> <span class='ocrx_word' id='word_1_23' title='bbox 541 671 621 736; x_wconf 89' lang='lat' dir='ltr'><strong><em>Nam</em></strong></span> <span class='ocrx_word' id='word_1_24' title='bbox 646 694 828 755; x_wconf 87' lang='lat' dir='ltr'>quanquam</span> <span class='ocrx_word' id='word_1_25' title='bbox 851 673 976 755; x_wconf 89' lang='lat' dir='ltr'>aliquot</span> <span class='ocrx_word' id='word_1_26' title='bbox 998 673 1076 738; x_wconf 91' lang='lat' dir='ltr'>locis</span> <span class='ocrx_word' id='word_1_27' title='bbox 1099 675 1154 738; x_wconf 90' lang='lat' dir='ltr'>ille</span> <span class='ocrx_word' id='word_1_28' title='bbox 1176 675 1344 740; x_wconf 88' lang='lat' dir='ltr'>mutilatus</span> 
     </span>
     <span class='ocr_line' id='line_1_5' title="bbox 122 761 1347 864; baseline 0 -18"><span class='ocrx_word' id='word_1_29' title='bbox 122 787 178 858; x_wconf 89' lang='lat' dir='ltr'>est,</span> <span class='ocrx_word' id='word_1_30' title='bbox 208 787 314 844; x_wconf 89' lang='lat' dir='ltr'>tamen</span> <span class='ocrx_word' id='word_1_31' title='bbox 344 779 472 843; x_wconf 90' lang='lat' dir='ltr'>omnino</span> <span class='ocrx_word' id='word_1_32' title='bbox 501 799 604 860; x_wconf 92' lang='lat' dir='ltr'>neque</span> <span class='ocrx_word' id='word_1_33' title='bbox 627 779 791 843; x_wconf 90' lang='lat' dir='ltr'>commoda</span> <span class='ocrx_word' id='word_1_34' title='bbox 821 800 926 843; x_wconf 91' lang='lat' dir='ltr'>rerum</span> <span class='ocrx_word' id='word_1_35' title='bbox 950 780 1119 862; x_wconf 85' lang='lat' dir='ltr'>explicatio</span> <span class='ocrx_word' id='word_1_36' title='bbox 1144 761 1245 864; x_wconf 84' lang='lat' dir='ltr'>nequo</span> <span class='ocrx_word' id='word_1_37' title='bbox 1268 787 1347 864; x_wconf 85' lang='lat' dir='ltr'>apta</span> 
     </span>
     <span class='ocr_line' id='line_1_6' title="bbox 120 883 1345 966; baseline -0.001 -15"><span class='ocrx_word' id='word_1_38' title='bbox 120 887 288 951; x_wconf 89' lang='lat' dir='ltr'>verborum</span> <span class='ocrx_word' id='word_1_39' title='bbox 318 886 469 949; x_wconf 86' lang='lat' dir='ltr'>iunctura</span> <span class='ocrx_word' id='word_1_40' title='bbox 498 883 705 960; x_wconf 88' lang='lat' dir='ltr'>desideratur,</span> <span class='ocrx_word' id='word_1_41' title='bbox 743 890 839 966; x_wconf 90' lang='lat' dir='ltr'>atque</span> <span class='ocrx_word' id='word_1_42' title='bbox 866 885 923 949; x_wconf 92' lang='lat' dir='ltr'><strong><em>ubi</em></strong></span> <span class='ocrx_word' id='word_1_43' title='bbox 946 886 1100 950; x_wconf 84' lang='lat' dir='ltr'>transitus</span> <span class='ocrx_word' id='word_1_44' title='bbox 1123 885 1160 950; x_wconf 92' lang='lat' dir='ltr'>fit</span> <span class='ocrx_word' id='word_1_45' title='bbox 1182 886 1223 951; x_wconf 86' lang='lat' dir='ltr'><strong><em>ad</em></strong></span> <span class='ocrx_word' id='word_1_46' title='bbox 1246 887 1345 950; x_wconf 89' lang='lat' dir='ltr'>aliam</span> 
     </span>
     <span class='ocr_line' id='line_1_7' title="bbox 121 989 1344 1074; baseline -0.001 -17"><span class='ocrx_word' id='word_1_47' title='bbox 121 994 310 1057; x_wconf 91' lang='lat' dir='ltr'>sententiam</span> <span class='ocrx_word' id='word_1_48' title='bbox 339 990 399 1054; x_wconf 91' lang='lat' dir='ltr'><strong><em>hoo</em></strong></span> <span class='ocrx_word' id='word_1_49' title='bbox 426 990 545 1071; x_wconf 89' lang='lat' dir='ltr'>ubique</span> <span class='ocrx_word' id='word_1_50' title='bbox 568 989 684 1054; x_wconf 86' lang='lat' dir='ltr'>diserte</span> <span class='ocrx_word' id='word_1_51' title='bbox 711 997 742 1055; x_wconf 92' lang='lat' dir='ltr'><strong><em>et</em></strong></span> <span class='ocrx_word' id='word_1_52' title='bbox 765 1011 835 1054; x_wconf 92' lang='lat' dir='ltr'><strong><em>cum</em></strong></span> <span class='ocrx_word' id='word_1_53' title='bbox 857 991 1055 1056; x_wconf 88' lang='lat' dir='ltr'>abundantia</span> <span class='ocrx_word' id='word_1_54' title='bbox 1079 992 1218 1073; x_wconf 86' lang='lat' dir='ltr'>quadam</span> <span class='ocrx_word' id='word_1_55' title='bbox 1241 993 1344 1074; x_wconf 86' lang='lat' dir='ltr'>signi-</span> 
     </span>
     <span class='ocr_line' id='line_1_8' title="bbox 121 1091 1348 1182; baseline -0.001 -20"><span class='ocrx_word' id='word_1_56' title='bbox 121 1099 235 1163; x_wconf 87' lang='lat' dir='ltr'>ficatur</span> <span class='ocrx_word' id='word_1_57' title='bbox 251 1099 292 1182; x_wconf 73' lang='grc'><strong><em>2);</em></strong></span> <span class='ocrx_word' id='word_1_58' title='bbox 327 1118 438 1178; x_wconf 89' lang='lat' dir='ltr'>neque,</span> <span class='ocrx_word' id='word_1_59' title='bbox 470 1091 506 1158; x_wconf 89' lang='lat' dir='ltr'><strong><em>si</em></strong></span> <span class='ocrx_word' id='word_1_60' title='bbox 526 1102 652 1177; x_wconf 88' lang='lat' dir='ltr'>apertas</span> <span class='ocrx_word' id='word_1_61' title='bbox 681 1096 812 1160; x_wconf 87' lang='lat' dir='ltr'>lacunas</span> <span class='ocrx_word' id='word_1_62' title='bbox 845 1097 997 1172; x_wconf 91' lang='lat' dir='ltr'>omiseris,</span> <span class='ocrx_word' id='word_1_63' title='bbox 1029 1098 1063 1161; x_wconf 90' lang='lat' dir='ltr'><strong><em>in</em></strong></span> <span class='ocrx_word' id='word_1_64' title='bbox 1091 1099 1234 1163; x_wconf 90' lang='lat' dir='ltr'>oratione</span> <span class='ocrx_word' id='word_1_65' title='bbox 1257 1099 1348 1182; x_wconf 88' lang='lat' dir='ltr'>quio-</span> 
     </span>
     <span class='ocr_line' id='line_1_9' title="bbox 122 1201 1348 1288; baseline 0 -20"><span class='ocrx_word' id='word_1_66' title='bbox 122 1226 218 1288; x_wconf 91' lang='lat' dir='ltr'>quam</span> <span class='ocrx_word' id='word_1_67' title='bbox 238 1204 411 1286; x_wconf 89' lang='lat' dir='ltr'>abruptum</span> <span class='ocrx_word' id='word_1_68' title='bbox 432 1202 481 1266; x_wconf 88' lang='lat' dir='ltr'><strong><em>vel</em></strong></span> <span class='ocrx_word' id='word_1_69' title='bbox 504 1202 599 1264; x_wconf 90' lang='lat' dir='ltr'>nimis</span> <span class='ocrx_word' id='word_1_70' title='bbox 622 1201 761 1265; x_wconf 89' lang='lat' dir='ltr'>ieiunum</span> <span class='ocrx_word' id='word_1_71' title='bbox 784 1209 880 1285; x_wconf 87' lang='lat' dir='ltr'>atque</span> <span class='ocrx_word' id='word_1_72' title='bbox 905 1203 986 1268; x_wconf 84' lang='lat' dir='ltr'>exile</span> <span class='ocrx_word' id='word_1_73' title='bbox 1011 1203 1151 1267; x_wconf 84' lang='lat' dir='ltr'>invenies</span> <span class='ocrx_word' id='word_1_74' title='bbox 1167 1204 1222 1268; x_wconf 87' lang='lat' dir='ltr'><strong><em>sed</em></strong></span> <span class='ocrx_word' id='word_1_75' title='bbox 1238 1205 1348 1268; x_wconf 89' lang='lat' dir='ltr'>omnia</span> 
     </span>
     <span class='ocr_line' id='line_1_10' title="bbox 122 1306 1346 1394; baseline -0.001 -19"><span class='ocrx_word' id='word_1_76' title='bbox 122 1311 199 1390; x_wconf 81' lang='lat' dir='ltr'>satis</span> <span class='ocrx_word' id='word_1_77' title='bbox 222 1311 317 1393; x_wconf 91' lang='lat' dir='ltr'>plena</span> <span class='ocrx_word' id='word_1_78' title='bbox 340 1315 372 1373; x_wconf 91' lang='lat' dir='ltr'><strong><em>et</em></strong></span> <span class='ocrx_word' id='word_1_79' title='bbox 394 1309 553 1372; x_wconf 87' lang='lat' dir='ltr'>continua.</span> <span class='ocrx_word' id='word_1_80' title='bbox 597 1306 705 1372; x_wconf 88' lang='lat' dir='ltr'>Talem</span> <span class='ocrx_word' id='word_1_81' title='bbox 727 1315 833 1372; x_wconf 89' lang='lat' dir='ltr'>antem</span> <span class='ocrx_word' id='word_1_82' title='bbox 857 1311 1009 1374; x_wconf 89' lang='lat' dir='ltr'>sermonis</span> <span class='ocrx_word' id='word_1_83' title='bbox 1031 1317 1171 1375; x_wconf 88' lang='lat' dir='ltr'>tenorem</span> <span class='ocrx_word' id='word_1_84' title='bbox 1188 1311 1346 1394; x_wconf 86' lang='lat' dir='ltr'>epitomae</span> 
     </span>
    </p>
   </div>
   <div class='ocr_carea' id='block_1_3' title="bbox 120 1473 1404 3400">
    <p class='ocr_par' dir='ltr' id='par_1_3' title="bbox 120 1473 1404 3400">
     <span class='ocr_line' id='line_1_11' title="bbox 194 1473 1347 1554; baseline 0 -19"><span class='ocrx_word' id='word_1_85' title='bbox 194 1489 214 1552; x_wconf 88' lang='grc'><strong><em>1)</em></strong></span> <span class='ocrx_word' id='word_1_86' title='bbox 235 1486 315 1538; x_wconf 84' lang='lat' dir='ltr'>Velut</span> <span class='ocrx_word' id='word_1_87' title='bbox 334 1486 376 1540; x_wconf 88' lang='lat'><strong><em>19</em></strong></span> <span class='ocrx_word' id='word_1_88' title='bbox 395 1486 428 1535; x_wconf 82' lang='grc' dir='ltr'><strong><em>αἴ</em></strong></span> <span class='ocrx_word' id='word_1_89' title='bbox 442 1503 472 1535; x_wconf 88' lang='grc' dir='ltr'><strong><em>τε</em></strong></span> <span class='ocrx_word' id='word_1_90' title='bbox 490 1478 541 1554; x_wconf 81' lang='grc' dir='ltr'><strong><em>γὰρ</em></strong></span> <span class='ocrx_word' id='word_1_91' title='bbox 559 1488 679 1554; x_wconf 78' lang='grc' dir='ltr'><strong><em>γυναῖκες</em></strong></span> <span class='ocrx_word' id='word_1_92' title='bbox 696 1505 718 1534; x_wconf 89' lang='grc' dir='ltr'><strong><em>κ.</em></strong></span> <span class='ocrx_word' id='word_1_93' title='bbox 732 1504 755 1536; x_wconf 92' lang='grc' dir='ltr'><strong><em>τ.</em></strong></span> <span class='ocrx_word' id='word_1_94' title='bbox 769 1482 791 1535; x_wconf 92' lang='grc' dir='ltr'><strong><em>λ.</em></strong></span> <span class='ocrx_word' id='word_1_95' title='bbox 823 1485 881 1540; x_wconf 88' lang='grc' dir='ltr'><strong><em>Π8</em></strong></span> <span class='ocrx_word' id='word_1_96' title='bbox 901 1487 972 1538; x_wconf 82' lang='grc' dir='ltr'><em>εἴποι</em></span> <span class='ocrx_word' id='word_1_97' title='bbox 995 1479 1019 1537; x_wconf 70' lang='grc' dir='ltr'><strong><em>δ’</em></strong></span> <span class='ocrx_word' id='word_1_98' title='bbox 1046 1479 1080 1536; x_wconf 67' lang='grc' dir='ltr'><strong><em>ἂν</em></strong></span> <span class='ocrx_word' id='word_1_99' title='bbox 1104 1473 1151 1538; x_wconf 80' lang='grc' dir='ltr'><strong><em>σύν</em></strong></span> <span class='ocrx_word' id='word_1_100' title='bbox 1176 1505 1215 1540; x_wconf 88' lang='grc' dir='ltr'><strong><em>τις</em></strong></span> <span class='ocrx_word' id='word_1_101' title='bbox 1238 1508 1260 1538; x_wconf 91' lang='grc' dir='ltr'><strong><em>κ.</em></strong></span> <span class='ocrx_word' id='word_1_102' title='bbox 1279 1507 1304 1538; x_wconf 87' lang='grc' dir='ltr'><strong><em>τ,</em></strong></span> <span class='ocrx_word' id='word_1_103' title='bbox 1323 1486 1347 1538; x_wconf 75' lang='grc' dir='ltr'><strong><em>λ,</em></strong></span> 
     </span>
     <span class='ocr_line' id='line_1_12' title="bbox 120 1567 1346 1642; baseline -0.001 -15"><span class='ocrx_word' id='word_1_104' title='bbox 120 1575 150 1627; x_wconf 90' lang='grc' dir='ltr'>Π</span> <span class='ocrx_word' id='word_1_105' title='bbox 170 1576 203 1628; x_wconf 86' lang='grc'><strong><em>14</em></strong></span> <span class='ocrx_word' id='word_1_106' title='bbox 220 1569 251 1626; x_wconf 82' lang='grc' dir='ltr'><strong><em>τὸ</em></strong></span> <span class='ocrx_word' id='word_1_107' title='bbox 270 1579 363 1642; x_wconf 89' lang='grc' dir='ltr'><strong><em>μέντοι</em></strong></span> <span class='ocrx_word' id='word_1_108' title='bbox 382 1567 563 1625; x_wconf 65' lang='grc' dir='ltr'><strong><em>ἀπιστεῖσθαι</em></strong></span> <span class='ocrx_word' id='word_1_109' title='bbox 592 1570 689 1623; x_wconf 87' lang='grc' dir='ltr'><strong><em>κ.τ.λ.</em></strong></span> <span class='ocrx_word' id='word_1_110' title='bbox 727 1571 771 1625; x_wconf 90' lang='lat' dir='ltr'><strong><em>III</em></strong></span> <span class='ocrx_word' id='word_1_111' title='bbox 790 1573 808 1626; x_wconf 98' lang='grc'>4</span> <span class='ocrx_word' id='word_1_112' title='bbox 827 1573 898 1624; x_wconf 86' lang='grc' dir='ltr'><strong><em>ἐνθα</em></strong></span> <span class='ocrx_word' id='word_1_113' title='bbox 917 1569 951 1638; x_wconf 75' lang='grc' dir='ltr'><strong><em>δή</em></strong></span> <span class='ocrx_word' id='word_1_114' title='bbox 978 1595 1000 1625; x_wconf 88' lang='grc' dir='ltr'><strong><em>κ.</em></strong></span> <span class='ocrx_word' id='word_1_115' title='bbox 1014 1593 1038 1625; x_wconf 88' lang='grc' dir='ltr'><strong><em>τ.</em></strong></span> <span class='ocrx_word' id='word_1_116' title='bbox 1053 1572 1074 1626; x_wconf 92' lang='grc' dir='ltr'><strong><em>λ,</em></strong></span> <span class='ocrx_word' id='word_1_117' title='bbox 1121 1574 1160 1627; x_wconf 91' lang='lat' dir='ltr'><strong><em>IV</em></strong></span> <span class='ocrx_word' id='word_1_118' title='bbox 1180 1578 1195 1628; x_wconf 84' lang='lat'>5</span> <span class='ocrx_word' id='word_1_119' title='bbox 1213 1581 1258 1626; x_wconf 84' lang='grc' dir='ltr'><strong><em>καί</em></strong></span> <span class='ocrx_word' id='word_1_120' title='bbox 1277 1567 1346 1640; x_wconf 82' lang='grc' dir='ltr'><strong><em>αύτη</em></strong></span> 
     </span>
     <span class='ocr_line' id='line_1_13' title="bbox 123 1655 504 1731; baseline 0.003 -19"><span class='ocrx_word' id='word_1_121' title='bbox 123 1655 156 1726; x_wconf 82' lang='grc' dir='ltr'><strong><em>δὴ</em></strong></span> <span class='ocrx_word' id='word_1_122' title='bbox 176 1667 296 1731; x_wconf 87' lang='grc' dir='ltr'><strong><em>γίγνεται</em></strong></span> <span class='ocrx_word' id='word_1_123' title='bbox 314 1682 329 1711; x_wconf 94' lang='grc' dir='ltr'><strong><em>κ</em></strong></span> <span class='ocrx_word' id='word_1_124' title='bbox 358 1679 382 1712; x_wconf 85' lang='grc' dir='ltr'><strong><em>τ.</em></strong></span> <span class='ocrx_word' id='word_1_125' title='bbox 402 1659 424 1712; x_wconf 92' lang='grc' dir='ltr'><strong><em>λ.</em></strong></span> <span class='ocrx_word' id='word_1_126' title='bbox 444 1661 504 1714; x_wconf 81' lang='lat' dir='ltr'>alia.</span> 
     </span>
     <span class='ocr_line' id='line_1_14' title="bbox 211 1747 1349 1816; baseline 0.004 -17"><span class='ocrx_word' id='word_1_127' title='bbox 211 1751 231 1815; x_wconf 68' lang='lat'><strong><em>2)</em></strong></span> <span class='ocrx_word' id='word_1_128' title='bbox 251 1747 375 1815; x_wconf 81' lang='lat' dir='ltr'>Singulae</span> <span class='ocrx_word' id='word_1_129' title='bbox 398 1748 540 1801; x_wconf 88' lang='lat' dir='ltr'>locutiones</span> <span class='ocrx_word' id='word_1_130' title='bbox 564 1752 591 1801; x_wconf 90' lang='lat' dir='ltr'><strong><em>et</em></strong></span> <span class='ocrx_word' id='word_1_131' title='bbox 613 1749 757 1802; x_wconf 88' lang='lat' dir='ltr'>sententiae</span> <span class='ocrx_word' id='word_1_132' title='bbox 781 1748 876 1816; x_wconf 89' lang='lat' dir='ltr'>quibus</span> <span class='ocrx_word' id='word_1_133' title='bbox 901 1749 1015 1816; x_wconf 84' lang='lat' dir='ltr'>scriptor</span> <span class='ocrx_word' id='word_1_134' title='bbox 1038 1749 1072 1803; x_wconf 88' lang='lat' dir='ltr'><strong><em>ad</em></strong></span> <span class='ocrx_word' id='word_1_135' title='bbox 1095 1767 1162 1803; x_wconf 82' lang='lat' dir='ltr'>nova</span> <span class='ocrx_word' id='word_1_136' title='bbox 1187 1751 1285 1804; x_wconf 86' lang='lat' dir='ltr'>transit</span> <span class='ocrx_word' id='word_1_137' title='bbox 1304 1751 1349 1804; x_wconf 85' lang='lat' dir='ltr'><strong><em>vel</em></strong></span> 
     </span>
     <span class='ocr_line' id='line_1_15' title="bbox 121 1835 824 1904; baseline 0 -16"><span class='ocrx_word' id='word_1_138' title='bbox 121 1852 188 1904; x_wconf 87' lang='lat' dir='ltr'>qnae</span> <span class='ocrx_word' id='word_1_139' title='bbox 206 1838 283 1889; x_wconf 86' lang='lat' dir='ltr'>antea</span> <span class='ocrx_word' id='word_1_140' title='bbox 303 1837 421 1903; x_wconf 85' lang='lat' dir='ltr'>exposuit</span> <span class='ocrx_word' id='word_1_141' title='bbox 439 1835 633 1904; x_wconf 86' lang='lat' dir='ltr'>comprehendit</span> <span class='ocrx_word' id='word_1_142' title='bbox 652 1836 730 1889; x_wconf 85' lang='lat' dir='ltr'>haece</span> <span class='ocrx_word' id='word_1_143' title='bbox 748 1839 824 1888; x_wconf 90' lang='lat' dir='ltr'>sunt:</span> 
     </span>
     <span class='ocr_line' id='line_1_16' title="bbox 200 1917 1201 1995; baseline 0.002 -19"><span class='ocrx_word' id='word_1_144' title='bbox 200 1923 214 1976; x_wconf 93' lang='lat' dir='ltr'>I</span> <span class='ocrx_word' id='word_1_145' title='bbox 233 1927 249 1978; x_wconf 85' lang='lat'><strong>3</strong></span> <span class='ocrx_word' id='word_1_146' title='bbox 268 1917 361 1974; x_wconf 86' lang='grc' dir='ltr'><strong><em>αύτίκα</em></strong></span> <span class='ocrx_word' id='word_1_147' title='bbox 379 1918 431 1995; x_wconf 80' lang='grc' dir='ltr'><strong><em>γὰρ</em></strong></span> <span class='ocrx_word' id='word_1_148' title='bbox 449 1929 510 1995; x_wconf 78' lang='grc' dir='ltr'><strong><em>περὶ</em></strong></span> <span class='ocrx_word' id='word_1_149' title='bbox 529 1929 706 1992; x_wconf 83' lang='grc' dir='ltr'><strong><em>τεκνοποιίας,</em></strong></span> <span class='ocrx_word' id='word_1_150' title='bbox 728 1925 771 1975; x_wconf 75' lang='grc' dir='ltr'><strong><em>ἵνα</em></strong></span> <span class='ocrx_word' id='word_1_151' title='bbox 790 1923 819 1983; x_wconf 77' lang='grc' dir='ltr'><strong><em>ἐξ</em></strong></span> <span class='ocrx_word' id='word_1_152' title='bbox 835 1917 918 1994; x_wconf 80' lang='grc' dir='ltr'><strong><em>οἷρχής</em></strong></span> <span class='ocrx_word' id='word_1_153' title='bbox 937 1918 1066 1995; x_wconf 72' lang='grc' dir='ltr'><strong><em>ἄρξωμαι,</em></strong></span> <span class='ocrx_word' id='word_1_154' title='bbox 1086 1947 1108 1976; x_wconf 90' lang='grc' dir='ltr'><strong><em>κ.</em></strong></span> <span class='ocrx_word' id='word_1_155' title='bbox 1128 1945 1150 1977; x_wconf 95' lang='grc' dir='ltr'><strong><em>τ.</em></strong></span> <span class='ocrx_word' id='word_1_156' title='bbox 1171 1925 1201 1988; x_wconf 86' lang='grc' dir='ltr'><strong><em>λ,</em></strong></span> 
     </span>
     <span class='ocr_line' id='line_1_17' title="bbox 201 2005 1346 2084; baseline 0.003 -21"><span class='ocrx_word' id='word_1_157' title='bbox 201 2013 215 2065; x_wconf 89' lang='lat' dir='ltr'>I</span> <span class='ocrx_word' id='word_1_158' title='bbox 234 2015 267 2068; x_wconf 86' lang='lat'><strong><em>10</em></strong></span> <span class='ocrx_word' id='word_1_159' title='bbox 285 2017 347 2082; x_wconf 88' lang='grc' dir='ltr'><strong><em>περὶ</em></strong></span> <span class='ocrx_word' id='word_1_160' title='bbox 364 2016 415 2080; x_wconf 84' lang='grc' dir='ltr'><strong><em>μέν</em></strong></span> <span class='ocrx_word' id='word_1_161' title='bbox 433 2007 467 2078; x_wconf 79' lang='grc' dir='ltr'><strong><em>δή</em></strong></span> <span class='ocrx_word' id='word_1_162' title='bbox 485 2017 653 2066; x_wconf 79' lang='grc' dir='ltr'><strong><em>τεκνοποιίας</em></strong></span> <span class='ocrx_word' id='word_1_163' title='bbox 672 2005 743 2064; x_wconf 84' lang='grc' dir='ltr'><strong><em>ούτιο</em></strong></span> <span class='ocrx_word' id='word_1_164' title='bbox 761 2005 893 2063; x_wconf 75' lang='grc' dir='ltr'><strong><em>τιλναντία</em></strong></span> <span class='ocrx_word' id='word_1_165' title='bbox 912 2008 990 2084; x_wconf 81' lang='grc' dir='ltr'><strong><em>γνούς</em></strong></span> <span class='ocrx_word' id='word_1_166' title='bbox 1008 2019 1063 2067; x_wconf 81' lang='grc' dir='ltr'><strong><em>τοῖς</em></strong></span> <span class='ocrx_word' id='word_1_167' title='bbox 1082 2007 1170 2069; x_wconf 74' lang='grc' dir='ltr'><strong><em>ἄλλοις</em></strong></span> <span class='ocrx_word' id='word_1_168' title='bbox 1190 2017 1213 2066; x_wconf 80' lang='grc' dir='ltr'><strong><em>εὶ</em></strong></span> <span class='ocrx_word' id='word_1_169' title='bbox 1231 2035 1257 2065; x_wconf 90' lang='grc' dir='ltr'><strong><em>τι</em></strong></span> <span class='ocrx_word' id='word_1_170' title='bbox 1275 2055 1279 2066; x_wconf 95' lang='grc'><em>.</em></span> <span class='ocrx_word' id='word_1_171' title='bbox 1296 2056 1300 2066; x_wconf 97' lang='grc'>.</span> <span class='ocrx_word' id='word_1_172' title='bbox 1317 2055 1346 2069; x_wconf 80' lang='lat'><strong><em>..</em></strong></span> 
     </span>
     <span class='ocr_line' id='line_1_18' title="bbox 331 2093 732 2168; baseline 0 -16"><span class='ocrx_word' id='word_1_173' title='bbox 331 2093 346 2152; x_wconf 83' lang='grc' dir='ltr'>ὁ</span> <span class='ocrx_word' id='word_1_174' title='bbox 363 2097 525 2168; x_wconf 82' lang='grc' dir='ltr'><strong><em>βουλόμενος</em></strong></span> <span class='ocrx_word' id='word_1_175' title='bbox 544 2105 732 2162; x_wconf 81' lang='grc' dir='ltr'><strong><em>ἐπισκοπείτω,</em></strong></span> 
     </span>
     <span class='ocr_line' id='line_1_19' title="bbox 187 2183 1245 2262; baseline 0 -19"><span class='ocrx_word' id='word_1_176' title='bbox 187 2190 216 2244; x_wconf 88' lang='grc' dir='ltr'>Π</span> <span class='ocrx_word' id='word_1_177' title='bbox 237 2192 250 2243; x_wconf 98' lang='grc'><strong>1</strong></span> <span class='ocrx_word' id='word_1_178' title='bbox 272 2183 323 2260; x_wconf 76' lang='grc' dir='ltr'><strong><em>ἐγώ</em></strong></span> <span class='ocrx_word' id='word_1_179' title='bbox 341 2195 442 2258; x_wconf 85' lang='grc' dir='ltr'><strong><em>μέντοι,</em></strong></span> <span class='ocrx_word' id='word_1_180' title='bbox 463 2193 521 2240; x_wconf 83' lang='grc' dir='ltr'><strong><em>ἐπεὶ</em></strong></span> <span class='ocrx_word' id='word_1_181' title='bbox 541 2230 650 2241; x_wconf 89' lang='grc'><em>.....</em></span> <span class='ocrx_word' id='word_1_182' title='bbox 670 2187 809 2261; x_wconf 79' lang='grc' dir='ltr'><strong><em>ἐξήγημαι,</em></strong></span> <span class='ocrx_word' id='word_1_183' title='bbox 828 2186 960 2258; x_wconf 79' lang='grc' dir='ltr'><strong><em>βούλομαι</em></strong></span> <span class='ocrx_word' id='word_1_184' title='bbox 980 2231 984 2242; x_wconf 93' lang='grc'><strong>.</strong></span> <span class='ocrx_word' id='word_1_185' title='bbox 1006 2231 1011 2242; x_wconf 93' lang='grc'><em>.</em></span> <span class='ocrx_word' id='word_1_186' title='bbox 1032 2231 1037 2242; x_wconf 90' lang='grc'><strong><em>,</em></strong></span> <span class='ocrx_word' id='word_1_187' title='bbox 1059 2232 1064 2244; x_wconf 91' lang='grc'><strong>.</strong></span> <span class='ocrx_word' id='word_1_188' title='bbox 1087 2198 1245 2262; x_wconf 74' lang='grc' dir='ltr'><strong><em>σαφηνίσαι,</em></strong></span> 
     </span>
     <span class='ocr_line' id='line_1_20' title="bbox 188 2274 964 2348; baseline 0.003 -20"><span class='ocrx_word' id='word_1_189' title='bbox 188 2278 217 2330; x_wconf 88' lang='grc' dir='ltr'>Π</span> <span class='ocrx_word' id='word_1_190' title='bbox 237 2280 269 2332; x_wconf 83' lang='grc'><strong><em>12</em></strong></span> <span class='ocrx_word' id='word_1_191' title='bbox 288 2275 396 2330; x_wconf 89' lang='grc' dir='ltr'><strong><em>λεκτέον</em></strong></span> <span class='ocrx_word' id='word_1_192' title='bbox 414 2275 447 2328; x_wconf 79' lang='grc' dir='ltr'><strong><em>δέ</em></strong></span> <span class='ocrx_word' id='word_1_193' title='bbox 463 2297 507 2330; x_wconf 85' lang='grc' dir='ltr'><strong><em>ιιοι</em></strong></span> <span class='ocrx_word' id='word_1_194' title='bbox 526 2274 599 2329; x_wconf 78' lang='grc' dir='ltr'><strong><em>δοκεῖ</em></strong></span> <span class='ocrx_word' id='word_1_195' title='bbox 617 2277 685 2328; x_wconf 86' lang='grc' dir='ltr'><strong><em>εἶναι</em></strong></span> <span class='ocrx_word' id='word_1_196' title='bbox 703 2283 748 2328; x_wconf 87' lang='grc' dir='ltr'><strong><em>καὶ</em></strong></span> <span class='ocrx_word' id='word_1_197' title='bbox 765 2283 828 2348; x_wconf 81' lang='grc' dir='ltr'><strong><em>περὶ</em></strong></span> <span class='ocrx_word' id='word_1_198' title='bbox 845 2300 867 2331; x_wconf 91' lang='grc' dir='ltr'><strong><em>κ.</em></strong></span> <span class='ocrx_word' id='word_1_199' title='bbox 888 2298 913 2330; x_wconf 88' lang='grc' dir='ltr'><strong><em>τ.</em></strong></span> <span class='ocrx_word' id='word_1_200' title='bbox 933 2277 964 2342; x_wconf 94' lang='grc' dir='ltr'><strong><em>λ.,</em></strong></span> 
     </span>
     <span class='ocr_line' id='line_1_21' title="bbox 187 2357 1347 2434; baseline 0.002 -16"><span class='ocrx_word' id='word_1_201' title='bbox 187 2365 216 2418; x_wconf 87' lang='grc' dir='ltr'>Π</span> <span class='ocrx_word' id='word_1_202' title='bbox 236 2365 270 2420; x_wconf 89' lang='grc'><strong><em>14</em></strong></span> <span class='ocrx_word' id='word_1_203' title='bbox 288 2357 304 2430; x_wconf 82' lang='grc' dir='ltr'><em>ἦ</em></span> <span class='ocrx_word' id='word_1_204' title='bbox 322 2369 373 2433; x_wconf 83' lang='grc' dir='ltr'><strong><em>μὲν</em></strong></span> <span class='ocrx_word' id='word_1_205' title='bbox 392 2359 426 2428; x_wconf 80' lang='grc' dir='ltr'><strong><em>δή</em></strong></span> <span class='ocrx_word' id='word_1_206' title='bbox 444 2363 555 2416; x_wconf 78' lang='grc' dir='ltr'><strong><em>παιδεία</em></strong></span> <span class='ocrx_word' id='word_1_207' title='bbox 575 2365 678 2433; x_wconf 79' lang='grc' dir='ltr'><strong><em>εἴρηται</em></strong></span> <span class='ocrx_word' id='word_1_208' title='bbox 698 2358 714 2430; x_wconf 73' lang='grc' dir='ltr'><strong><em>ἦ</em></strong></span> <span class='ocrx_word' id='word_1_209' title='bbox 732 2385 762 2416; x_wconf 85' lang='grc' dir='ltr'><strong><em>τε</em></strong></span> <span class='ocrx_word' id='word_1_210' title='bbox 776 2361 922 2431; x_wconf 78' lang='grc' dir='ltr'><strong><em>Λακωνική</em></strong></span> <span class='ocrx_word' id='word_1_211' title='bbox 939 2372 984 2417; x_wconf 86' lang='grc' dir='ltr'><strong><em>καί</em></strong></span> <span class='ocrx_word' id='word_1_212' title='bbox 999 2359 1015 2432; x_wconf 84' lang='grc' dir='ltr'><strong><em>ή</em></strong></span> <span class='ocrx_word' id='word_1_213' title='bbox 1030 2367 1085 2418; x_wconf 69' lang='grc' dir='ltr'><strong><em>τῶν</em></strong></span> <span class='ocrx_word' id='word_1_214' title='bbox 1100 2361 1187 2419; x_wconf 75' lang='grc' dir='ltr'><strong><em>ἄλλοιν</em></strong></span> <span class='ocrx_word' id='word_1_215' title='bbox 1199 2361 1347 2434; x_wconf 58' lang='grc' dir='ltr'><strong><em>Ἑλλήνων</em></strong></span> 
     </span>
     <span class='ocr_line' id='line_1_22' title="bbox 334 2444 798 2521; baseline 0.004 -19"><span class='ocrx_word' id='word_1_216' title='bbox 334 2450 364 2512; x_wconf 80' lang='grc' dir='ltr'><strong><em>ἐξ</em></strong></span> <span class='ocrx_word' id='word_1_217' title='bbox 382 2444 512 2521; x_wconf 74' lang='grc' dir='ltr'><strong><em>ὁποτέρας</em></strong></span> <span class='ocrx_word' id='word_1_218' title='bbox 530 2445 555 2504; x_wconf 70' lang='grc' dir='ltr'><strong><em>δ’</em></strong></span> <span class='ocrx_word' id='word_1_219' title='bbox 575 2446 664 2503; x_wconf 73' lang='grc' dir='ltr'><strong><em>αύτιῦν</em></strong></span> <span class='ocrx_word' id='word_1_220' title='bbox 681 2473 703 2503; x_wconf 90' lang='grc' dir='ltr'><strong><em>κ.</em></strong></span> <span class='ocrx_word' id='word_1_221' title='bbox 722 2472 746 2504; x_wconf 88' lang='grc' dir='ltr'><strong><em>τ.</em></strong></span> <span class='ocrx_word' id='word_1_222' title='bbox 767 2451 798 2521; x_wconf 81' lang='grc' dir='ltr'><strong><em>λ.,</em></strong></span> 
     </span>
     <span class='ocr_line' id='line_1_23' title="bbox 175 2526 978 2608; baseline -0.001 -15"><span class='ocrx_word' id='word_1_223' title='bbox 175 2541 218 2593; x_wconf 87' lang='grc' dir='ltr'><strong><em>ΠΙ</em></strong></span> <span class='ocrx_word' id='word_1_224' title='bbox 239 2545 254 2594; x_wconf 82' lang='lat'>5</span> <span class='ocrx_word' id='word_1_225' title='bbox 273 2539 391 2591; x_wconf 77' lang='grc' dir='ltr'><strong><em>καὶτῶν</em></strong></span> <span class='ocrx_word' id='word_1_226' title='bbox 408 2544 459 2608; x_wconf 82' lang='grc' dir='ltr'><strong><em>μέν</em></strong></span> <span class='ocrx_word' id='word_1_227' title='bbox 478 2526 511 2591; x_wconf 67' lang='lat' dir='ltr'><strong><em>uri</em></strong></span> <span class='ocrx_word' id='word_1_228' title='bbox 529 2538 681 2592; x_wconf 68' lang='lat' dir='ltr'>nutritorem</span> <span class='ocrx_word' id='word_1_229' title='bbox 700 2533 782 2595; x_wconf 80' lang='grc' dir='ltr'><strong><em>ούταις</em></strong></span> <span class='ocrx_word' id='word_1_230' title='bbox 801 2537 978 2608; x_wconf 73' lang='grc' dir='ltr'><strong><em>ἐπεμελήθη,</em></strong></span> 
     </span>
     <span class='ocr_line' id='line_1_24' title="bbox 181 2614 912 2700; baseline -0.004 -18"><span class='ocrx_word' id='word_1_231' title='bbox 181 2629 221 2682; x_wconf 89' lang='lat' dir='ltr'><strong><em>IV</em></strong></span> <span class='ocrx_word' id='word_1_232' title='bbox 239 2631 255 2683; x_wconf 81' lang='grc'>2</span> <span class='ocrx_word' id='word_1_233' title='bbox 274 2621 309 2684; x_wconf 75' lang='lat' dir='ltr'><strong><em>uis</em></strong></span> <span class='ocrx_word' id='word_1_234' title='bbox 328 2614 375 2680; x_wconf 82' lang='grc' dir='ltr'><strong><em>ούν</em></strong></span> <span class='ocrx_word' id='word_1_235' title='bbox 392 2626 502 2684; x_wconf 77' lang='grc' dir='ltr'><strong><em>τούτους</em></strong></span> <span class='ocrx_word' id='word_1_236' title='bbox 520 2615 554 2680; x_wconf 82' lang='grc' dir='ltr'><strong><em>αύ</em></strong></span> <span class='ocrx_word' id='word_1_237' title='bbox 573 2627 721 2697; x_wconf 78' lang='grc' dir='ltr'><strong><em>συνέβαλεν</em></strong></span> <span class='ocrx_word' id='word_1_238' title='bbox 739 2626 912 2700; x_wconf 81' lang='grc' dir='ltr'><strong><em>ἐξηγήσομαι,</em></strong></span> 
     </span>
     <span class='ocr_line' id='line_1_25' title="bbox 193 2705 1348 2790; baseline -0.001 -20"><span class='ocrx_word' id='word_1_239' title='bbox 193 2717 217 2770; x_wconf 90' lang='lat' dir='ltr'>V</span> <span class='ocrx_word' id='word_1_240' title='bbox 237 2721 250 2772; x_wconf 93' lang='lat'>1</span> <span class='ocrx_word' id='word_1_241' title='bbox 272 2710 358 2786; x_wconf 72' lang='grc' dir='ltr'><strong><em>ιῖμὲν</em></strong></span> <span class='ocrx_word' id='word_1_242' title='bbox 377 2705 424 2770; x_wconf 81' lang='grc' dir='ltr'><strong><em>ούυ</em></strong></span> <span class='ocrx_word' id='word_1_243' title='bbox 443 2715 541 2790; x_wconf 78' lang='grc' dir='ltr'><strong><em>ἑκάστη</em></strong></span> <span class='ocrx_word' id='word_1_244' title='bbox 561 2711 648 2784; x_wconf 76' lang='grc' dir='ltr'><strong><em>ἡλικίᾳ</em></strong></span> <span class='ocrx_word' id='word_1_245' title='bbox 670 2718 874 2788; x_wconf 71' lang='grc' dir='ltr'><strong><em>ἐνομοθέτησεν</em></strong></span> <span class='ocrx_word' id='word_1_246' title='bbox 891 2713 905 2770; x_wconf 86' lang='grc' dir='ltr'>ὁ</span> <span class='ocrx_word' id='word_1_247' title='bbox 925 2717 1079 2789; x_wconf 73' lang='grc' dir='ltr'><strong><em>Λυκοῦργος</em></strong></span> <span class='ocrx_word' id='word_1_248' title='bbox 1105 2712 1203 2786; x_wconf 77' lang='grc' dir='ltr'><strong><em>σχεδὸν</em></strong></span> <span class='ocrx_word' id='word_1_249' title='bbox 1228 2719 1348 2788; x_wconf 80' lang='grc' dir='ltr'><strong><em>εἴρηται·</em></strong></span> 
     </span>
     <span class='ocr_line' id='line_1_26' title="bbox 335 2802 1404 2877; baseline -0.002 -19"><span class='ocrx_word' id='word_1_250' title='bbox 335 2806 396 2858; x_wconf 81' lang='grc' dir='ltr'><strong><em>οἵαν</em></strong></span> <span class='ocrx_word' id='word_1_251' title='bbox 414 2805 444 2858; x_wconf 83' lang='grc' dir='ltr'><strong><em>δὲ</em></strong></span> <span class='ocrx_word' id='word_1_252' title='bbox 462 2812 507 2857; x_wconf 88' lang='grc' dir='ltr'><strong><em>καὶ</em></strong></span> <span class='ocrx_word' id='word_1_253' title='bbox 525 2805 594 2860; x_wconf 82' lang='grc' dir='ltr'><strong><em>πᾶσι</em></strong></span> <span class='ocrx_word' id='word_1_254' title='bbox 612 2805 722 2859; x_wconf 78' lang='grc' dir='ltr'><strong><em>δίαιταν</em></strong></span> <span class='ocrx_word' id='word_1_255' title='bbox 740 2803 918 2858; x_wconf 78' lang='grc' dir='ltr'><strong><em>κατεσκεύασε</em></strong></span> <span class='ocrx_word' id='word_1_256' title='bbox 933 2805 981 2858; x_wconf 80' lang='grc' dir='ltr'><strong><em>νύν</em></strong></span> <span class='ocrx_word' id='word_1_257' title='bbox 995 2802 1161 2876; x_wconf 82' lang='grc' dir='ltr'><strong><em>πειράσομαι</em></strong></span> <span class='ocrx_word' id='word_1_258' title='bbox 1177 2804 1345 2877; x_wconf 80' lang='grc' dir='ltr'><strong><em>διηγεῖσθαι,</em></strong></span> <span class='ocrx_word' id='word_1_259' title='bbox 1393 2827 1404 2845; x_wconf 79' lang='lat'><em>⁰</em></span> 
     </span>
     <span class='ocr_line' id='line_1_27' title="bbox 180 2887 975 2964; baseline 0.006 -20"><span class='ocrx_word' id='word_1_260' title='bbox 180 2893 219 2947; x_wconf 90' lang='lat' dir='ltr'><strong><em>VI</em></strong></span> <span class='ocrx_word' id='word_1_261' title='bbox 240 2896 253 2947; x_wconf 95' lang='lat' dir='ltr'>l</span> <span class='ocrx_word' id='word_1_262' title='bbox 275 2897 385 2944; x_wconf 81' lang='grc' dir='ltr'><strong><em>ἐναντία</em></strong></span> <span class='ocrx_word' id='word_1_263' title='bbox 403 2913 434 2963; x_wconf 92' lang='grc' dir='ltr'><strong><em>γε</em></strong></span> <span class='ocrx_word' id='word_1_264' title='bbox 451 2887 506 2961; x_wconf 79' lang='grc' dir='ltr'><strong><em>μην</em></strong></span> <span class='ocrx_word' id='word_1_265' title='bbox 526 2897 594 2964; x_wconf 81' lang='grc' dir='ltr'><strong><em>ἐγνιο</em></strong></span> <span class='ocrx_word' id='word_1_266' title='bbox 612 2901 657 2946; x_wconf 84' lang='grc' dir='ltr'><strong><em>καί</em></strong></span> <span class='ocrx_word' id='word_1_267' title='bbox 675 2891 742 2946; x_wconf 81' lang='grc' dir='ltr'><strong><em>τάδε</em></strong></span> <span class='ocrx_word' id='word_1_268' title='bbox 760 2900 816 2948; x_wconf 88' lang='grc' dir='ltr'><strong><em>τοῖς</em></strong></span> <span class='ocrx_word' id='word_1_269' title='bbox 833 2893 975 2955; x_wconf 81' lang='grc' dir='ltr'><strong><em>πλείστοις,</em></strong></span> 
     </span>
     <span class='ocr_line' id='line_1_28' title="bbox 164 2974 1350 3053; baseline 0.003 -21"><span class='ocrx_word' id='word_1_270' title='bbox 164 2981 219 3033; x_wconf 90' lang='lat' dir='ltr'><strong><em>VII</em></strong></span> <span class='ocrx_word' id='word_1_271' title='bbox 239 2983 252 3034; x_wconf 93' lang='lat'>1</span> <span class='ocrx_word' id='word_1_272' title='bbox 274 2983 384 3031; x_wconf 80' lang='grc' dir='ltr'><strong><em>ἐναντία</em></strong></span> <span class='ocrx_word' id='word_1_273' title='bbox 402 3000 433 3050; x_wconf 84' lang='grc' dir='ltr'><strong><em>γε</em></strong></span> <span class='ocrx_word' id='word_1_274' title='bbox 450 2974 505 3047; x_wconf 85' lang='grc' dir='ltr'><strong><em>μὴν</em></strong></span> <span class='ocrx_word' id='word_1_275' title='bbox 522 2986 567 3031; x_wconf 83' lang='grc' dir='ltr'><strong><em>καί</em></strong></span> <span class='ocrx_word' id='word_1_276' title='bbox 584 2977 651 3033; x_wconf 82' lang='grc' dir='ltr'><strong><em>τάδε</em></strong></span> <span class='ocrx_word' id='word_1_277' title='bbox 668 2986 724 3034; x_wconf 88' lang='grc' dir='ltr'><strong><em>τοῖς</em></strong></span> <span class='ocrx_word' id='word_1_278' title='bbox 743 2975 830 3036; x_wconf 76' lang='grc' dir='ltr'><strong><em>ἄλλοις</em></strong></span> <span class='ocrx_word' id='word_1_279' title='bbox 843 2975 952 3046; x_wconf 75' lang='grc' dir='ltr'><strong><em>Ἕλλησι</em></strong></span> <span class='ocrx_word' id='word_1_280' title='bbox 970 2987 1136 3048; x_wconf 85' lang='grc' dir='ltr'><strong><em>κατέστησεν</em></strong></span> <span class='ocrx_word' id='word_1_281' title='bbox 1157 2974 1172 3032; x_wconf 83' lang='grc' dir='ltr'>ὁ</span> <span class='ocrx_word' id='word_1_282' title='bbox 1191 2980 1350 3053; x_wconf 73' lang='grc' dir='ltr'><strong><em>Λυκοῦργος</em></strong></span> 
     </span>
     <span class='ocr_line' id='line_1_29' title="bbox 337 3063 679 3139; baseline 0.003 -22"><span class='ocrx_word' id='word_1_283' title='bbox 337 3071 366 3118; x_wconf 89' lang='grc' dir='ltr'><strong><em>ἐν</em></strong></span> <span class='ocrx_word' id='word_1_284' title='bbox 383 3067 418 3138; x_wconf 75' lang='grc' dir='ltr'><strong><em>τῇ</em></strong></span> <span class='ocrx_word' id='word_1_285' title='bbox 437 3063 551 3139; x_wconf 80' lang='grc' dir='ltr'><strong><em>Σπάρτη</em></strong></span> <span class='ocrx_word' id='word_1_286' title='bbox 571 3065 679 3136; x_wconf 88' lang='grc' dir='ltr'><strong><em>νόμιμα,</em></strong></span> 
     </span>
     <span class='ocr_line' id='line_1_30' title="bbox 181 3147 971 3226; baseline 0 -21"><span class='ocrx_word' id='word_1_287' title='bbox 181 3155 221 3206; x_wconf 88' lang='lat' dir='ltr'><strong><em>IX</em></strong></span> <span class='ocrx_word' id='word_1_288' title='bbox 240 3157 254 3209; x_wconf 89' lang='grc'><strong>1</strong></span> <span class='ocrx_word' id='word_1_289' title='bbox 275 3148 351 3213; x_wconf 79' lang='grc' dir='ltr'><strong><em>ἄξιον</em></strong></span> <span class='ocrx_word' id='word_1_290' title='bbox 369 3152 400 3206; x_wconf 78' lang='grc' dir='ltr'><strong><em>δέ</em></strong></span> <span class='ocrx_word' id='word_1_291' title='bbox 417 3154 466 3206; x_wconf 79' lang='grc' dir='ltr'><strong><em>τού</em></strong></span> <span class='ocrx_word' id='word_1_292' title='bbox 485 3152 642 3226; x_wconf 88' lang='grc' dir='ltr'><strong><em>Λυκούργου</em></strong></span> <span class='ocrx_word' id='word_1_293' title='bbox 660 3161 704 3206; x_wconf 84' lang='grc' dir='ltr'><strong><em>καὶ</em></strong></span> <span class='ocrx_word' id='word_1_294' title='bbox 722 3152 785 3208; x_wconf 78' lang='grc' dir='ltr'><strong><em>τόδε</em></strong></span> <span class='ocrx_word' id='word_1_295' title='bbox 805 3147 971 3226; x_wconf 71' lang='grc' dir='ltr'><strong><em>ἀγασθῆναι,</em></strong></span> 
     </span>
     <span class='ocr_line' id='line_1_31' title="bbox 180 3227 1346 3315; baseline 0.004 -22"><span class='ocrx_word' id='word_1_296' title='bbox 180 3243 220 3294; x_wconf 84' lang='lat' dir='ltr'><strong><em>IX</em></strong></span> <span class='ocrx_word' id='word_1_297' title='bbox 238 3246 254 3296; x_wconf 85' lang='lat'><strong>3</strong></span> <span class='ocrx_word' id='word_1_298' title='bbox 273 3227 291 3314; x_wconf 75' lang='grc' dir='ltr'><strong><em>ᾗ</em></strong></span> <span class='ocrx_word' id='word_1_299' title='bbox 313 3247 407 3310; x_wconf 89' lang='grc' dir='ltr'><strong><em>μέντοι</em></strong></span> <span class='ocrx_word' id='word_1_300' title='bbox 431 3236 502 3294; x_wconf 79' lang='grc' dir='ltr'><strong><em>ιύστε</em></strong></span> <span class='ocrx_word' id='word_1_301' title='bbox 524 3243 609 3294; x_wconf 77' lang='grc' dir='ltr'><strong><em>ταῦτα</em></strong></span> <span class='ocrx_word' id='word_1_302' title='bbox 632 3244 779 3315; x_wconf 88' lang='grc' dir='ltr'><strong><em>γίγνεσθαι</em></strong></span> <span class='ocrx_word' id='word_1_303' title='bbox 803 3239 1006 3311; x_wconf 83' lang='grc' dir='ltr'><strong><em>ἐμηχανήσατο,</em></strong></span> <span class='ocrx_word' id='word_1_304' title='bbox 1030 3250 1075 3295; x_wconf 84' lang='grc' dir='ltr'><strong><em>καί</em></strong></span> <span class='ocrx_word' id='word_1_305' title='bbox 1098 3245 1178 3298; x_wconf 69' lang='grc' dir='ltr'><strong><em>τούτο</em></strong></span> <span class='ocrx_word' id='word_1_306' title='bbox 1202 3241 1284 3298; x_wconf 70' lang='grc' dir='ltr'><strong><em>καλου</em></strong></span> <span class='ocrx_word' id='word_1_307' title='bbox 1307 3241 1346 3314; x_wconf 76' lang='grc' dir='ltr'><strong><em>μὴ</em></strong></span> 
     </span>
     <span class='ocr_line' id='line_1_32' title="bbox 337 3328 509 3400; baseline -0.006 -18"><span class='ocrx_word' id='word_1_308' title='bbox 337 3328 509 3400; x_wconf 81' lang='grc' dir='ltr'><strong><em>παραλιπεῖν,</em></strong></span> 
     </span>
    </p>
   </div>
   <div class='ocr_carea' id='block_1_4' title="bbox 178 3393 1087 3492">
    <p class='ocr_par' dir='ltr' id='par_1_4' title="bbox 178 3393 1087 3492">
     <span class='ocr_line' id='line_1_33' title="bbox 903 3393 910 3408; baseline 0 0"><span class='ocrx_word' id='word_1_309' title='bbox 903 3393 910 3408; x_wconf 74' lang='grc'><strong><em>,</em></strong></span> 
     </span>
     <span class='ocr_line' id='line_1_34' title="bbox 178 3412 1087 3492; baseline 0.004 -22"><span class='ocrx_word' id='word_1_310' title='bbox 178 3418 218 3470; x_wconf 89' lang='lat' dir='ltr'><strong><em>IX</em></strong></span> <span class='ocrx_word' id='word_1_311' title='bbox 237 3422 254 3474; x_wconf 82' lang='lat'>6</span> <span class='ocrx_word' id='word_1_312' title='bbox 273 3412 325 3490; x_wconf 76' lang='grc' dir='ltr'><strong><em>ἐγώ</em></strong></span> <span class='ocrx_word' id='word_1_313' title='bbox 343 3413 446 3486; x_wconf 75' lang='grc' dir='ltr'><strong><em>μὲνδὴ</em></strong></span> <span class='ocrx_word' id='word_1_314' title='bbox 465 3415 590 3484; x_wconf 84' lang='grc' dir='ltr'><strong><em>τοιαύτης</em></strong></span> <span class='ocrx_word' id='word_1_315' title='bbox 607 3425 662 3474; x_wconf 82' lang='grc' dir='ltr'><strong><em>τοῖς</em></strong></span> <span class='ocrx_word' id='word_1_316' title='bbox 676 3425 768 3492; x_wconf 69' lang='grc' dir='ltr'><strong><em>,κακοῖς</em></strong></span> <span class='ocrx_word' id='word_1_317' title='bbox 786 3412 894 3487; x_wconf 67' lang='grc' dir='ltr'><strong><em>α’τιμίας</em></strong></span> <span class='ocrx_word' id='word_1_318' title='bbox 914 3422 1087 3488; x_wconf 80' lang='grc' dir='ltr'><strong><em>ἐπικειμένης,</em></strong></span> 
     </span>
    </p>
   </div>
   <div class='ocr_carea' id='block_1_5' title="bbox 147 3500 1354 4369">
    <p class='ocr_par' dir='ltr' id='par_1_5' title="bbox 147 3500 1354 4369">
     <span class='ocr_line' id='line_1_35' title="bbox 193 3500 980 3578; baseline 0.001 -20"><span class='ocrx_word' id='word_1_319' title='bbox 193 3506 218 3558; x_wconf 89' lang='grc' dir='ltr'>Χ</span> <span class='ocrx_word' id='word_1_320' title='bbox 238 3509 251 3560; x_wconf 95' lang='grc'><strong>1</strong></span> <span class='ocrx_word' id='word_1_321' title='bbox 271 3505 356 3561; x_wconf 81' lang='grc' dir='ltr'><strong><em>καλῶς</em></strong></span> <span class='ocrx_word' id='word_1_322' title='bbox 375 3505 468 3575; x_wconf 78' lang='grc' dir='ltr'><strong><em>δι’-μοι</em></strong></span> <span class='ocrx_word' id='word_1_323' title='bbox 488 3506 561 3559; x_wconf 80' lang='grc' dir='ltr'><strong><em>δοκεῖ</em></strong></span> <span class='ocrx_word' id='word_1_324' title='bbox 577 3500 592 3560; x_wconf 81' lang='grc' dir='ltr'>ὁ</span> <span class='ocrx_word' id='word_1_325' title='bbox 612 3507 766 3578; x_wconf 82' lang='grc' dir='ltr'><strong><em>Λυκοῦργος</em></strong></span> <span class='ocrx_word' id='word_1_326' title='bbox 784 3507 980 3575; x_wconf 77' lang='grc' dir='ltr'><strong><em>νομοθετῆσαι,</em></strong></span> 
     </span>
     <span class='ocr_line' id='line_1_36' title="bbox 192 3589 1244 3668; baseline 0.001 -22"><span class='ocrx_word' id='word_1_327' title='bbox 192 3594 217 3646; x_wconf 90' lang='lat' dir='ltr'>X</span> <span class='ocrx_word' id='word_1_328' title='bbox 236 3595 254 3648; x_wconf 98' lang='grc'>4</span> <span class='ocrx_word' id='word_1_329' title='bbox 271 3591 335 3648; x_wconf 79' lang='grc' dir='ltr'><strong><em>τόδε</em></strong></span> <span class='ocrx_word' id='word_1_330' title='bbox 352 3615 383 3666; x_wconf 92' lang='grc' dir='ltr'><strong><em>γε</em></strong></span> <span class='ocrx_word' id='word_1_331' title='bbox 400 3590 456 3664; x_wconf 79' lang='grc' dir='ltr'><strong><em>μην</em></strong></span> <span class='ocrx_word' id='word_1_332' title='bbox 473 3595 521 3648; x_wconf 79' lang='grc' dir='ltr'><strong><em>τοῦ</em></strong></span> <span class='ocrx_word' id='word_1_333' title='bbox 540 3593 698 3668; x_wconf 79' lang='grc' dir='ltr'><strong><em>Λυκούργου</em></strong></span> <span class='ocrx_word' id='word_1_334' title='bbox 715 3596 771 3650; x_wconf 79' lang='grc' dir='ltr'><strong><em>πῶς</em></strong></span> <span class='ocrx_word' id='word_1_335' title='bbox 790 3589 820 3648; x_wconf 92' lang='grc' dir='ltr'><strong><em>ού</em></strong></span> <span class='ocrx_word' id='word_1_336' title='bbox 838 3594 960 3668; x_wconf 82' lang='grc' dir='ltr'><strong><em>μεγάλως</em></strong></span> <span class='ocrx_word' id='word_1_337' title='bbox 978 3590 1055 3656; x_wconf 78' lang='grc' dir='ltr'><strong><em>ἄξιον</em></strong></span> <span class='ocrx_word' id='word_1_338' title='bbox 1076 3589 1244 3668; x_wconf 77' lang='grc' dir='ltr'><strong><em>ἀγασθῆναι,</em></strong></span> 
     </span>
     <span class='ocr_line' id='line_1_37' title="bbox 178 3675 1354 3756; baseline 0.002 -22"><span class='ocrx_word' id='word_1_339' title='bbox 178 3682 218 3734; x_wconf 88' lang='lat' dir='ltr'><strong><em>XI</em></strong></span> <span class='ocrx_word' id='word_1_340' title='bbox 238 3684 251 3736; x_wconf 94' lang='lat' dir='ltr'>l</span> <span class='ocrx_word' id='word_1_341' title='bbox 271 3682 421 3734; x_wconf 77' lang='grc' dir='ltr'><strong><em>καὶταῦτα</em></strong></span> <span class='ocrx_word' id='word_1_342' title='bbox 439 3679 541 3752; x_wconf 79' lang='grc' dir='ltr'><strong><em>μὲνδὴ</em></strong></span> <span class='ocrx_word' id='word_1_343' title='bbox 560 3678 637 3736; x_wconf 81' lang='grc' dir='ltr'><strong><em>κοινὰ</em></strong></span> <span class='ocrx_word' id='word_1_344' title='bbox 656 3675 752 3755; x_wconf 83' lang='grc' dir='ltr'><strong><em>ιλγαθὰ</em></strong></span> <span class='ocrx_word' id='word_1_345' title='bbox 769 3690 814 3736; x_wconf 83' lang='grc' dir='ltr'><strong><em>καὶ</em></strong></span> <span class='ocrx_word' id='word_1_346' title='bbox 833 3689 862 3736; x_wconf 84' lang='grc' dir='ltr'><strong><em>ἐν</em></strong></span> <span class='ocrx_word' id='word_1_347' title='bbox 887 3681 978 3756; x_wconf 81' lang='grc' dir='ltr'><strong><em>εἰρήνη</em></strong></span> <span class='ocrx_word' id='word_1_348' title='bbox 1002 3691 1047 3735; x_wconf 85' lang='grc' dir='ltr'><strong><em>καὶ</em></strong></span> <span class='ocrx_word' id='word_1_349' title='bbox 1071 3689 1100 3736; x_wconf 88' lang='grc' dir='ltr'><strong><em>ἐν</em></strong></span> <span class='ocrx_word' id='word_1_350' title='bbox 1123 3683 1242 3753; x_wconf 80' lang='grc' dir='ltr'><strong><em>πολέμῳ·</em></strong></span> <span class='ocrx_word' id='word_1_351' title='bbox 1269 3685 1293 3736; x_wconf 84' lang='grc' dir='ltr'><strong><em>εἰ</em></strong></span> <span class='ocrx_word' id='word_1_352' title='bbox 1316 3682 1354 3736; x_wconf 77' lang='grc' dir='ltr'><strong><em>δέ</em></strong></span> 
     </span>
     <span class='ocr_line' id='line_1_38' title="bbox 334 3765 1043 3838; baseline 0.004 -17"><span class='ocrx_word' id='word_1_353' title='bbox 334 3789 373 3825; x_wconf 85' lang='grc' dir='ltr'><strong><em>τις</em></strong></span> <span class='ocrx_word' id='word_1_354' title='bbox 390 3769 517 3838; x_wconf 80' lang='grc' dir='ltr'><strong><em>βούλεται</em></strong></span> <span class='ocrx_word' id='word_1_355' title='bbox 536 3813 542 3823; x_wconf 90' lang='grc'><strong>.</strong></span> <span class='ocrx_word' id='word_1_356' title='bbox 563 3813 567 3823; x_wconf 96' lang='grc'>.</span> <span class='ocrx_word' id='word_1_357' title='bbox 588 3813 594 3824; x_wconf 89' lang='grc'><strong>.</strong></span> <span class='ocrx_word' id='word_1_358' title='bbox 614 3811 620 3824; x_wconf 87' lang='grc'><strong>.</strong></span> <span class='ocrx_word' id='word_1_359' title='bbox 640 3771 729 3831; x_wconf 71' lang='grc' dir='ltr'><strong><em>ἐξεστι</em></strong></span> <span class='ocrx_word' id='word_1_360' title='bbox 747 3778 791 3823; x_wconf 87' lang='grc' dir='ltr'><strong><em>καὶ</em></strong></span> <span class='ocrx_word' id='word_1_361' title='bbox 809 3768 913 3824; x_wconf 90' lang='grc' dir='ltr'><strong><em>τούτιυν</em></strong></span> <span class='ocrx_word' id='word_1_362' title='bbox 931 3765 1043 3834; x_wconf 80' lang='grc' dir='ltr'><strong><em>οἷκούειν,</em></strong></span> 
     </span>
     <span class='ocr_line' id='line_1_39' title="bbox 164 3845 1186 3933; baseline 0.007 -24"><span class='ocrx_word' id='word_1_363' title='bbox 164 3856 219 3909; x_wconf 89' lang='lat' dir='ltr'><strong><em>XII</em></strong></span> <span class='ocrx_word' id='word_1_364' title='bbox 239 3861 251 3912; x_wconf 98' lang='lat' dir='ltr'>l</span> <span class='ocrx_word' id='word_1_365' title='bbox 274 3856 326 3928; x_wconf 86' lang='grc' dir='ltr'><strong><em>ἐριῦ</em></strong></span> <span class='ocrx_word' id='word_1_366' title='bbox 345 3855 375 3910; x_wconf 77' lang='grc' dir='ltr'><strong><em>δὲ</em></strong></span> <span class='ocrx_word' id='word_1_367' title='bbox 392 3865 438 3910; x_wconf 85' lang='grc' dir='ltr'><strong><em>καὶ</em></strong></span> <span class='ocrx_word' id='word_1_368' title='bbox 455 3845 473 3932; x_wconf 73' lang='grc' dir='ltr'><em>ᾗ</em></span> <span class='ocrx_word' id='word_1_369' title='bbox 492 3856 760 3931; x_wconf 81' lang='grc' dir='ltr'><strong><em>στρατοπεδεύεσθαι</em></strong></span> <span class='ocrx_word' id='word_1_370' title='bbox 779 3856 886 3928; x_wconf 84' lang='grc' dir='ltr'><strong><em>ἐνόμισε</em></strong></span> <span class='ocrx_word' id='word_1_371' title='bbox 903 3859 1003 3931; x_wconf 80' lang='grc' dir='ltr'><strong><em>χρῆναι</em></strong></span> <span class='ocrx_word' id='word_1_372' title='bbox 1023 3861 1186 3933; x_wconf 68' lang='grc' dir='ltr'><strong><em>Λυκοῦργος,</em></strong></span> 
     </span>
     <span class='ocr_line' id='line_1_40' title="bbox 147 3940 1347 4020; baseline 0.001 -22"><span class='ocrx_word' id='word_1_373' title='bbox 147 3944 217 3999; x_wconf 88' lang='grc' dir='ltr'>ΧΙΙΙ</span> <span class='ocrx_word' id='word_1_374' title='bbox 236 3948 248 4000; x_wconf 93' lang='grc'><strong>1</strong></span> <span class='ocrx_word' id='word_1_375' title='bbox 271 3943 436 4017; x_wconf 80' lang='grc' dir='ltr'><strong><em>διηγήσομαι</em></strong></span> <span class='ocrx_word' id='word_1_376' title='bbox 454 3944 484 3998; x_wconf 78' lang='grc' dir='ltr'><strong><em>δὲ</em></strong></span> <span class='ocrx_word' id='word_1_377' title='bbox 502 3953 547 3998; x_wconf 85' lang='grc' dir='ltr'><strong><em>καὶ</em></strong></span> <span class='ocrx_word' id='word_1_378' title='bbox 565 3940 599 4012; x_wconf 74' lang='grc' dir='ltr'><strong><em>ἢν</em></strong></span> <span class='ocrx_word' id='word_1_379' title='bbox 618 3952 661 4000; x_wconf 84' lang='grc' dir='ltr'><strong><em>ἐπί</em></strong></span> <span class='ocrx_word' id='word_1_380' title='bbox 681 3947 808 4018; x_wconf 82' lang='grc' dir='ltr'><strong><em>στρατιᾶς</em></strong></span> <span class='ocrx_word' id='word_1_381' title='bbox 827 3942 841 3999; x_wconf 85' lang='grc' dir='ltr'>ὁ</span> <span class='ocrx_word' id='word_1_382' title='bbox 860 3948 1015 4020; x_wconf 75' lang='grc' dir='ltr'><strong><em>Λυκοῦργος</em></strong></span> <span class='ocrx_word' id='word_1_383' title='bbox 1032 3947 1143 4016; x_wconf 82' lang='grc' dir='ltr'><strong><em>βασιλεῖ</em></strong></span> <span class='ocrx_word' id='word_1_384' title='bbox 1162 3946 1278 4016; x_wconf 78' lang='grc' dir='ltr'><strong><em>δύναμιν</em></strong></span> <span class='ocrx_word' id='word_1_385' title='bbox 1301 3954 1347 3999; x_wconf 87' lang='grc' dir='ltr'><strong><em>καὶ</em></strong></span> 
     </span>
     <span class='ocr_line' id='line_1_41' title="bbox 334 4029 627 4106; baseline 0 -20"><span class='ocrx_word' id='word_1_386' title='bbox 334 4029 417 4102; x_wconf 83' lang='grc' dir='ltr'><strong><em>τιμήν</em></strong></span> <span class='ocrx_word' id='word_1_387' title='bbox 435 4032 627 4106; x_wconf 88' lang='grc' dir='ltr'><strong><em>παρεσκεύασε,</em></strong></span> 
     </span>
     <span class='ocr_line' id='line_1_42' title="bbox 148 4117 1336 4196; baseline 0.003 -23"><span class='ocrx_word' id='word_1_388' title='bbox 148 4121 217 4174; x_wconf 87' lang='lat' dir='ltr'>XIII</span> <span class='ocrx_word' id='word_1_389' title='bbox 237 4125 253 4177; x_wconf 83' lang='lat'>2</span> <span class='ocrx_word' id='word_1_390' title='bbox 273 4120 483 4194; x_wconf 76' lang='grc' dir='ltr'><strong><em>ἐπαναλήψομαι</em></strong></span> <span class='ocrx_word' id='word_1_391' title='bbox 503 4121 532 4176; x_wconf 77' lang='grc' dir='ltr'><strong><em>δὲ</em></strong></span> <span class='ocrx_word' id='word_1_392' title='bbox 551 4117 585 4177; x_wconf 66' lang='lat' dir='ltr'>rue</span> <span class='ocrx_word' id='word_1_393' title='bbox 604 4122 749 4193; x_wconf 83' lang='grc' dir='ltr'><strong><em>ἐξορμᾶται</em></strong></span> <span class='ocrx_word' id='word_1_394' title='bbox 769 4119 819 4176; x_wconf 83' lang='grc' dir='ltr'><strong><em>σύν</em></strong></span> <span class='ocrx_word' id='word_1_395' title='bbox 838 4124 953 4196; x_wconf 76' lang='grc' dir='ltr'><strong><em>στρατιᾷ</em></strong></span> <span class='ocrx_word' id='word_1_396' title='bbox 972 4119 986 4177; x_wconf 84' lang='grc' dir='ltr'>ὁ</span> <span class='ocrx_word' id='word_1_397' title='bbox 1003 4122 1137 4193; x_wconf 81' lang='grc' dir='ltr'><strong><em>βασιλεύς,</em></strong></span> <span class='ocrx_word' id='word_1_398' title='bbox 1333 4185 1336 4191; x_wconf 37' lang='grc' dir='ltr'>Ι</span> 
     </span>
     <span class='ocr_line' id='line_1_43' title="bbox 163 4203 1351 4284; baseline 0.005 -22"><span class='ocrx_word' id='word_1_399' title='bbox 163 4210 214 4262; x_wconf 91' lang='lat' dir='ltr'><strong><em>XV</em></strong></span> <span class='ocrx_word' id='word_1_400' title='bbox 234 4214 247 4266; x_wconf 91' lang='lat' dir='ltr'>l</span> <span class='ocrx_word' id='word_1_401' title='bbox 267 4208 400 4280; x_wconf 78' lang='grc' dir='ltr'><strong><em>βούλομαι</em></strong></span> <span class='ocrx_word' id='word_1_402' title='bbox 425 4208 455 4262; x_wconf 78' lang='grc' dir='ltr'><strong><em>δέ</em></strong></span> <span class='ocrx_word' id='word_1_403' title='bbox 478 4216 522 4262; x_wconf 88' lang='grc' dir='ltr'><strong><em>καί</em></strong></span> <span class='ocrx_word' id='word_1_404' title='bbox 548 4203 578 4266; x_wconf 67' lang='lat' dir='ltr'><strong><em>tle</em></strong></span> <span class='ocrx_word' id='word_1_405' title='bbox 600 4209 709 4278; x_wconf 81' lang='grc' dir='ltr'><strong><em>βασιλεῖ</em></strong></span> <span class='ocrx_word' id='word_1_406' title='bbox 731 4206 797 4282; x_wconf 79' lang='grc' dir='ltr'><strong><em>πρὸς</em></strong></span> <span class='ocrx_word' id='word_1_407' title='bbox 819 4208 871 4279; x_wconf 79' lang='grc' dir='ltr'><strong><em>τήν</em></strong></span> <span class='ocrx_word' id='word_1_408' title='bbox 893 4211 972 4266; x_wconf 84' lang='grc' dir='ltr'><strong><em>πόλιν</em></strong></span> <span class='ocrx_word' id='word_1_409' title='bbox 997 4211 1134 4279; x_wconf 78' lang='grc' dir='ltr'><strong><em>συνθήκας</em></strong></span> <span class='ocrx_word' id='word_1_410' title='bbox 1158 4206 1351 4284; x_wconf 79' lang='grc' dir='ltr'><strong><em>ύΛυκούργος</em></strong></span> 
     </span>
     <span class='ocr_line' id='line_1_44' title="bbox 334 4296 661 4369; baseline 0.003 -19"><span class='ocrx_word' id='word_1_411' title='bbox 334 4303 446 4364; x_wconf 83' lang='grc' dir='ltr'><strong><em>ἐποίησε</em></strong></span> <span class='ocrx_word' id='word_1_412' title='bbox 464 4296 661 4369; x_wconf 75' lang='grc' dir='ltr'><strong><em>διηγήσασθαι.</em></strong></span> 
     </span>
    </p>
   </div>
   <div class='ocr_carea' id='block_1_6' title="bbox 0 0 1622 4894">
    <p class='ocr_par' dir='ltr' id='par_1_6' title="bbox 0 0 1622 4894">
     <span class='ocr_line' id='line_1_45' title="bbox 0 0 1622 4894; baseline 0 0"><span class='ocrx_word' id='word_1_413' title='bbox 0 0 1622 4894; x_wconf 95' lang='lat' dir='ltr'><strong><em> </em></strong></span> 
     </span>
    </p>
   </div>
  </div>
 </body>
</html>
