3236 4894
718 228 757 284 31

124 422 171 496 iim
194 454 251 517 per
277 432 526 524 dittqgraphiam
550 455 646 516 quam
669 437 784 498 uocant
806 437 895 495 ortae
920 429 1076 505 videntur,
1099 453 1170 496 cum
1193 430 1345 496 librarius

120 539 310 604 vocabulum
339 538 526 604 antecedens
561 528 612 602 ὅτι
642 559 748 604 errore
781 537 831 602 bis
865 543 1012 619 poneret3
1047 543 1204 602 extremae
1238 543 1345 602 autem

122 647 249 710 litterae
273 668 309 708 oc
330 643 484 728 reliquiae
499 665 566 710 esse
587 644 785 728 pronominis
811 631 904 706 αὐτοί
925 642 1083 717 videntur,
1106 643 1196 707 cuius
1218 642 1345 708 litterae

126 774 158 814 οι
182 757 256 815 ante
279 756 460 832 sequentem
483 751 654 815 articulum
679 745 709 814 oi
738 749 931 825 exciderunt,
954 754 986 812 et
1009 771 1048 814 ex
1072 736 1196 826 ὅτιαντ,
1226 749 1345 832 quippe

126 856 212 939 quod
234 877 324 922 nemo
347 855 555 938 intellegeret,
578 856 698 921 factum
721 862 768 920 est
792 845 885 919 ὅπου.
925 855 1133 920 Scribendum
1156 853 1256 936 igitur
1278 875 1345 918 esse

126 983 301 1026 censemus:
334 946 371 1038 39
394 953 509 1049 ἐπειδὴ
535 959 722 1044 κατέμαθεν
745 950 796 1025 ὅτι
819 948 937 1024 αὐτοὶ
962 955 993 1024 oi
1015 951 1203 1043 βουλόμενοι
1228 957 1344 1042 ἐπιμε-

124 1067 260 1131 λεῖσθαι
282 1065 338 1154 τῆς
360 1055 471 1155 αρετῆς
495 1055 549 1148 οὐχ
574 1062 679 1132 ἱκανοί
701 1063 765 1131 εἶσι
784 1058 842 1143 τδς
865 1062 1028 1152 πατρίδας
1048 1053 1161 1145 algeo,
1185 1062 1306 1143 ἐκεῖνος
1319 1066 1344 1151 l)

125 1197 155 1237 κ.
178 1197 206 1237 τ.
228 1172 257 1236 λ.
281 1159 456 1238 Pronomen
480 1160 573 1238 ‹ri-cot
594 1174 647 1238 hic
669 1182 705 1238 ut
727 1173 854 1256 saepius
870 1173 954 1238 valet
969 1173 1053 1237 idem
1070 1172 1155 1254 quod
1171 1172 1231 1236 soli
1247 1177 1343 1254 atque
1376 1159 1379 1164 ¹

125 1279 203 1344 haec
229 1279 294 1344 fere
323 1279 426 1344 dicere
448 1280 517 1344 vult
546 1281 698 1362 scriptor:
735 1279 899 1362 Lycurgus
928 1299 999 1342 cum
1020 1278 1151 1342 vidisset
1180 1278 1263 1342 solos
1291 1298 1344 1343 eos

125 1385 182 1469 qni
204 1385 352 1450 virtutem
380 1385 482 1450 colere
508 1385 625 1450 vellent
652 1407 716 1450 non
746 1383 889 1449 sufficere
917 1385 959 1449 ad
990 1383 1168 1466 augendam
1196 1383 1344 1467 patriam,

126 1491 261 1573 Spartae
284 1513 391 1556 omues
413 1492 539 1574 publice
561 1512 668 1556 omnes
692 1512 836 1556 exercere
858 1492 990 1556 uirtutes
1014 1491 1124 1573 coegit.

337 1649 384 1714 Xl
408 1658 437 1714 3.

215 1763 262 1847 είς
291 1793 325 1856 χε
354 1761 416 1858 μὴν
446 1763 501 1835 τὸν
531 1769 565 1834 ἐν
593 1775 663 1848 τοῖς
692 1761 809 1850 ὅπλοις
841 1761 950 1857 dymno
979 1760 1083 1837 τοιάδ)
1115 1765 1342 1860 ἐμηχανήσατο,

126 1867 243 1964 στολῆν
269 1875 329 1959 μὲν
358 1873 438 1959 ἔχειν
467 1875 635 1966 φοινικίδα
665 1876 720 1941 καί
751 1875 870 1964 χαλκῆν
897 1866 1034 1956 δσπίδα,
1064 1869 1180 1965 ταύτην
1209 1874 1346 1961 νομίζων

124 1970 244 2070 ῆκιστα
265 1981 326 2066 μὲν
349 1979 512 2069 γυναικείᾳ
534 1987 705 2062 κοινωνεῖν,
734 1975 1001 2071 πολεμικωτάτην
1023 1971 1052 2048 δ
1074 1975 1177 2048 εἶναι·
1207 1982 1263 2048 καί
1286 1977 1345 2072 γὰρ
1393 2019 1399 2026 -

122 2081 262 2169 τάχιστα
283 2080 503 2174 λαμπρύνεται
526 2087 583 2152 καί
608 2085 804 2169 σχολαίτατα
826 2085 1025 2175 ῥοπαίνεται.

214 2195 322 2260 Verba
349 2194 406 2258 καὶ
428 2192 547 2282 χαλκῆν
568 2182 713 2275 ἆσπίδα,
748 2195 899 2278 quicquid
926 2196 963 2261 G.
986 2199 1023 2260 A.
1047 2195 1206 2280 Sauppius
1236 2197 1345 2281 dispu-

124 2302 215 2377 tavit,
239 2322 274 2365 eo
299 2323 361 2383 quo
383 2302 534 2384 leguntur
556 2303 625 2366 loco
649 2302 725 2367 ferri
748 2307 919 2385 nequeunt.
958 2302 1039 2366 Nam
1062 2304 1133 2368 luce
1156 2310 1205 2368 est
1226 2304 1343 2368 clarius

125 2425 165 2470 ea
187 2427 267 2488 quae
290 2414 464 2488 sequuntur
480 2406 576 2471 verba
598 2399 713 2494 ταίτῆν
729 2405 865 2489 νομίζων
882 2437 915 2470 .’.
933 2457 940 2471 .
957 2399 1040 2471 εἶναι
1062 2408 1104 2473 ad
1120 2409 1220 2474 solam
1236 2433 1343 2497 φοινι-

124 2507 203 2574 κίδα
225 2493 390 2594 respicere,
412 2512 475 2576 nisi
491 2534 564 2578 vero
583 2513 678 2577 etiam
700 2514 847 2579 mulieres
863 2514 1038 2596 Spartanas
1061 2513 1171 2596 clipeis
1187 2536 1260 2578 usas
1277 2536 1344 2582 esse

123 2618 274 2700 opineris.
319 2617 519 2682 Recentiores
550 2625 656 2683 autem
678 2621 866 2702 interpretes
889 2619 1044 2684 Haasium
1064 2620 1161 2684 secuti
1184 2620 1265 2684 illud
1287 2619 1344 2684 καὶ

121 2721 242 2811 χαλκῆν
264 2711 394 2787 ἀσπίδα
415 2731 568 2807 tanquam
590 2725 716 2790 librarii
739 2726 874 2790 alicuius
890 2725 1143 2791 additamentum
1165 2747 1343 2810 expungere

122 2830 300 2893 voluerunt.
339 2829 399 2896 Sed
422 2830 449 2894 si
472 2851 510 2894 ea
527 2831 623 2895 verba
645 2831 773 2896 omnino
796 2831 986 2909 delerentur,
1009 2832 1115 2896 omnia
1139 2854 1221 2915 quae
1243 2854 1344 2915 usque

123 2931 166 2996 ad
189 2929 378 3016 ῥοπαίνεται
404 2942 579 3016 sequuntur
610 2935 648 2999 de
671 2944 756 3001 veste
782 2958 943 3020 purpurea
971 2937 1166 3015 dicerentur,
1184 2934 1243 3002 'ita
1273 2938 1345 3021 qui-

123 3037 196 3101 dem
224 3043 262 3101 ut
284 3039 484 3102 enuntiatum
512 3038 568 3101 καὶ
597 3031 656 3126 γὰρ
682 3033 819 3123 τάχιστα
841 3066 870 3105 κ.
895 3067 923 3107 τ.
946 3043 975 3106 λ.
1008 3044 1174 3108 verborum
1205 3043 1344 3127 πολεμι-

123 3135 271 3230 κωτάτῆν
291 3131 320 3206 δ’
344 3135 426 3207 εἶναι
457 3165 584 3209 causam
614 3144 750 3211 afferret.
797 3149 914 3213 Tamen
943 3150 1003 3215 hoc
1034 3170 1098 3214 non
1125 3150 1289 3233 probatur,
1317 3152 1344 3216 si

123 3249 252 3332 quidem
289 3249 377 3314 illius
409 3250 567 3314 enuntiati
604 3251 683 3317 haec
716 3260 763 3318 est
797 3255 971 3320 sententia:
1020 3245 1149 3322 ‘etenim
1182 3257 1344 3321 celerrime

120 3355 250 3420 nitescit
271 3363 302 3420 et
325 3356 506 3420 tardissime
527 3357 657 3422 sordida
671 3346 729 3423 fit?
767 3359 912 3443 Namque
927 3362 1010 3426 hanc
1025 3363 1224 3445 potissimam
1246 3361 1344 3429 fuisse

120 3483 250 3526 causam
288 3483 345 3526 cur
382 3455 651 3552 πολεμικωτάτην
688 3486 755 3530 esse
792 3466 956 3550 Lycurgus
993 3475 1110 3534 vestem
1147 3491 1344 3552 purpuream

119 3567 282 3658 iudicaret·
305 3590 436 3652 prorsus
468 3571 554 3634 credi
585 3572 703 3655 nequit.
766 3571 811 3637 cf.
842 3574 892 3638 Ps.
925 3575 1009 3638 Plut.
1037 3574 1114 3639 lust.
1143 3575 1217 3640 Lac.
1243 3576 1346 3640 238f

120 3671 154 3737 ἐν
176 3677 246 3751 τοῖς
268 3673 428 3758 πολέμοις
456 3673 635 3763 φοινικίσιν
659 3675 804 3764 ἐχρῶντο.
835 3668 904 3761 δι’μα
924 3677 985 3762 μὲν
1008 3671 1067 3767 γὰρ
1089 3671 1108 3768 ῆ
1131 3673 1210 3767 χρόα
1234 3673 1342 3746 ἐδόκει

120 3767 231 3856 αὐτοῖς
253 3767 385 3868 οἷνδρικῆ
407 3773 500 3862 εἶναι,
524 3772 593 3866 δίμα
616 3777 712 3848 δὲτὸ
735 3781 918 3868 αἱματῶδες
940 3783 997 3850 τοῦ
1016 3778 1184 3873 χρώματος
1206 3783 1342 3852 πλείονα

119 3887 190 3961 τοῖς
218 3872 368 3971 ἀπείροις
397 3878 501 3974 φόβον
527 3888 697 3976 παρέχειν·
727 3890 784 3954 καὶ
812 3883 850 3954 τὸ
879 3883 924 3979 μῆ
953 3881 1175 3980 εὐπερίφωρον
1204 3890 1242 3956 δὲ
1271 3897 1342 3971 τοῖς

210 4081 229 4145 1)
249 4079 442 4134 Anacoluthum
462 4082 531 4149 quod
550 4099 690 4150 pronomen
707 4089 804 4140 ἐκεῖνος
822 4086 903 4140 elficit
921 4079 958 4154 (te
977 4081 1069 4152 ἐπειδὴ
1091 4128 1095 4138 .
1117 4128 1122 4138 .
1145 4127 1149 4137 .
1170 4088 1276 4156 ἐκεῖνος)
1296 4088 1341 4141 de·

118 4165 235 4219 stenditur
253 4167 309 4220 loco
331 4168 412 4222 simili
430 4169 470 4222 IV
483 4173 512 4225 7:
538 4177 594 4226 τοῖς
612 4193 642 4242 γε
659 4167 715 4241 μὴν
732 4168 784 4240 τῆν
802 4169 934 4242 ῆβητικῆν
952 4169 1058 4240 ἡλικίαν
1075 4172 1257 4246 πεπερακόσιν
1271 4217 1275 4227 .
1291 4216 1317 4227 ,.

118 4246 133 4304 ὁ
152 4250 182 4304 δὲ
202 4255 356 4328 Λυκοῦργος
373 4263 429 4312 τοῖς
446 4256 609 4323 τηλικούτοις
628 4258 743 4330 νόμιμον
762 4267 873 4328 ἐποίησε
891 4286 913 4316 κ.
932 4283 956 4314 τ.
976 4261 998 4315 λ.
