3236 4894
738 230 775 284 ll

150 453 222 496 curn
244 433 373 515 rapiens
397 433 436 496 ob
460 409 824 516 segnitiem‘caperetuu
848 437 972 516 turpem
986 453 1119 515 poenam
1137 429 1276 506 subibat,
1298 451 1368 495 eam

147 537 295 602 videlicet
331 544 366 602 ut
397 559 417 602 a
451 539 562 603 ceteris
579 539 605 622 1)
639 541 747 622 pueris
780 539 880 620 virgis
918 538 967 602 vel
1003 536 1139 620 flagellis
1175 535 1367 602 caederetur.

150 643 307 719 Quoniam
325 644 424 725 igitur
440 645 596 708 sententia
613 643 763 731 δηλοῦται
788 642 824 707 δὲ
842 694 848 708 .
868 695 874 707 .
895 693 902 707 .
921 694 928 706 .
944 635 1103 726 λαμβάνει
1118 643 1280 725 aptissime
1296 664 1365 706 cum

149 751 189 812 iis
219 771 302 831 quae
333 749 371 814 de
399 750 546 833 rapiendi
575 771 660 814 more
683 751 834 814 dicuntur
856 751 1012 825 cohaeret,
1035 749 1131 813 verba
1154 755 1261 812 autem
1284 769 1367 830 quae

151 855 351 919 intercedunt
365 853 460 918 τοῑτο
483 846 523 941 δὴ
545 853 688 942 δηλῶσαι
706 906 712 918 .
732 905 738 919 .
758 845 1038 944 ..εὐφραίνεσθαι
1059 855 1170 938 procul
1189 853 1286 918 dubio
1303 853 1367 917 alio

152 968 306 1043 spectant,
343 959 424 1024 nihil
455 960 636 1026 dubitamus
665 962 743 1045 quin
772 963 971 1027 enuntiatum
1000 958 1151 1048 δηλοῦται
1174 957 1210 1024 δὲ
1233 982 1262 1022 κ.
1286 983 1314 1022 τ.
1337 958 1366 1021 λ.

150 1066 226 1129 olim
249 1073 321 1149 post
345 1062 482 1145 ἐπέταξε
504 1067 633 1131 verbum
657 1068 845 1132 collocatum
861 1067 972 1144 luerit3
996 1089 1070 1131 nam
1087 1067 1132 1131 sic
1148 1066 1272 1130 demum
1289 1085 1368 1130 sana

155 1171 356 1236 cohaerentia
378 1173 492 1238 evadit.
514 1173 630 1255 Liquet
653 1182 758 1238 autem
781 1165 912 1250 τοίτοις
934 1193 1106 1258 pronomen
1130 1171 1307 1254 significare
1331 1194 1367 1236 eo

154 1277 222 1341 loco
252 1268 327 1354 τοὺς
354 1268 603 1360 altaecumbae,
632 1280 737 1363 qualis
766 1281 855 1344 notio
878 1301 949 1343 curu
972 1300 1010 1343 ex
1033 1279 1194 1362 superiore
1210 1278 1367 1342 sententia

151 1383 317 1476 subaudiri
330 1394 476 1467 nequeat,
498 1393 573 1450 ante
587 1383 764 1470 μαστιγοῦν
778 1386 924 1450 addenda
947 1407 1013 1450 esse
1036 1385 1132 1450 verba
1156 1379 1191 1448 οἳ
1211 1371 1249 1447 δν
1264 1373 1368 1446 άλιῖισι

152 1489 201 1553 vel
226 1489 343 1554 similia
365 1492 551 1572 putaverim,
581 1493 628 1556 ita
651 1498 687 1556 ut
709 1493 845 1574 pristina
867 1492 965 1555 totius
987 1491 1048 1555 loci
1072 1493 1173 1554 forma
1195 1490 1273 1554 haec
1303 1488 1368 1574 fere

150 1595 262 1659 fuerit:
286 1594 342 1659 καὶ
367 1586 411 1673 uic
433 1593 606 1674 πλείστοις
634 1589 672 1684 δὴ
701 1588 850 1683 ἁρπάσαι
877 1589 988 1684 τοροδς
1014 1585 1093 1680 παρ’
1116 1584 1249 1677 Ὀρθίας
1271 1586 1368 1658 καλὸν

154 1697 234 1778 belg,
267 1697 347 1777 <οἳ
373 1690 413 1764 δν
442 1692 589 1780 uidebor>
611 1702 787 1788 μαστιγοῦν
814 1695 945 1780 τοίτοος
973 1706 1129 1779 <τοῖς>
1151 1687 1262 1778 άλλοις
1288 1698 1366 1764 ἐπέ-

151 1807 244 1885 ταξε·
276 1805 427 1893 διγλοῖται
456 1806 493 1871 δὲ
517 1806 550 1870 ἐν
571 1799 674 1894 τοίτιμ
699 1799 748 1872 ὅτι
771 1809 826 1872 καί
852 1799 936 1872 ὅπου
959 1800 1074 1888 τάγοις
1094 1807 1143 1870 δεῖ
1166 1797 1184 1870 δ
1205 1798 1369 1889 βλακείαν
1445 1819 1447 1823 ’

153 1903 307 1992 ἐλάχιστα
331 1910 392 1994 μὲν
413 1901 595 2001 ὠφελεῖται,
621 1914 761 1979 πλεῖστα
784 1914 821 1979 δὲ
843 1907 1021 2000 πράγματα
1044 1905 1210 1995 λαμβάνει.
1246 1912 1368 1976 Deinde

152 2020 192 2082 de
222 2020 366 2084 sollemni
399 2021 538 2085 omnium
570 2005 740 2103 puerorum
760 2019 975 2103 flagellatione
997 2021 1121 2084 locutus
1144 2041 1211 2084 esse
1234 2019 1369 2102 scriptor

153 2125 287 2200 videtur,
310 2125 399 2190 cuius
422 2127 598 2192 sententiae
623 2128 724 2191 maior
747 2150 822 2210 pars
845 2127 941 2210 periit
964 2135 995 2191 et
1016 2147 1136 2209 paucae
1158 2131 1281 2190 restant
1295 2125 1371 2188 reli-

153 2232 247 2313 quiae
270 2231 383 2297 haece:
406 2230 500 2296 codro
523 2225 562 2320 δὴ
586 2231 730 2320 διγλῶσαι
752 2232 807 2296 καί
832 2231 865 2296 ἐν
886 2225 991 2318 τοίτιμ
1006 2223 1198 2315 βονλδμενος
1215 2219 1266 2294 δτι
1282 2226 1370 2294 ἔστιν

156 2325 263 2421 ὀλίγον
284 2329 393 2422 χρόνον
415 2326 597 2424 άλγὴσαντα
618 2331 720 2402 πολὺν
741 2331 851 2425 χρόνον
873 2327 1103 2421 εδδοκιμοάντα
1125 2324 1368 2424 εδιγραίνεσδαι.

246 2443 397 2508 Ceterum·
411 2427 546 2508 alterum
570 2445 650 2509 illud
673 2452 832 2511 certamen
857 2467 963 2510 caseos
986 2445 1132 2528 rapiendi
1154 2444 1292 2527 pertinet
1307 2441 1371 2506 lor·

156 2557 240 2613 tasse
263 2550 305 2613 ad
328 2571 365 2614 ea
388 2572 470 2633 quae
492 2550 575 2615 Plut.
601 2552 695 2616 Arist.
723 2561 761 2616 17
786 2561 913 2616 narrat:
938 2547 1017 2616 ἔνιοι
1040 2549 1077 2614 δέ
1101 2571 1184 2638 ιγασι
1207 2546 1252 2634 τῷ
1278 2535 1397 2612 Huc-⁸

154 2652 251 2740 σανίᾳ
278 2647 394 2742 μικρὸν
424 2651 485 2734 ἔξω
512 2648 568 2743 τὴς
598 2649 810 2741 παρατάξεως
840 2649 954 2722 δάονιι
976 2656 1031 2721 καί
1061 2652 1280 2740 κατευχομένῳ
1303 2652 1372 2718 τῶν

155 2758 279 2825 Λυδῶν
310 2786 399 2838 τινας
427 2749 520 2850 disputo
552 2754 803 2846 προσπεσόντας
831 2753 988 2849 ἁρπάζειν
1018 2762 1075 2825 καὶ
1105 2757 1308 2847 διαρρίπτειν
1329 2753 1370 2824 τά

155 2865 232 2949 περὶ
262 2857 318 2953 τὴν
347 2864 482 2932 βισίαν·
518 2861 573 2932 τὸν
605 2867 641 2933 δὲ
674 2867 863 2934 Παυσανίαν
896 2868 953 2932 καί
983 2861 1057 2946 τοῖς
1085 2866 1161 2953 περὶ
1191 2855 1285 2930 αι’τὸν
1314 2855 1370 2930 οὖν.

157 2967 286 3051 ἔχοντας
310 2961 397 3035 ὅπλα
421 2966 555 3058 ῥάβδοις
577 2975 633 3038 καί
655 2967 790 3057 μάστιξι
806 2972 926 3039 παίειν.
952 2975 1072 3052 Quodsi
1088 2975 1199 3038 itares
1215 2973 1370 3049 sehabet,

156 3078 234 3141 satis
257 3099 363 3142 recens
386 3078 441 3143 ille
463 3101 531 3144 mos
555 3088 624 3145 erat
645 3081 845 3165 Lycurgique
868 3089 972 3146 aetate
994 3081 1094 3145 multo
1117 3080 1282 3164 posterior.
1328 3079 1371 3142 At

157 3175 446 3268 διαμαστιγιάσειος
468 3187 650 3251 institutum
672 3188 928 3270 antiquissimum
951 3194 1029 3262 erat,
1053 3187 1079 3250 si
1106 3187 1232 3269 quidem
1254 3186 1371 3269 proba·

155 3289 236 3354 bilia
267 3289 414 3355 videntur
443 3313 525 3375 quae
554 3294 730 3358 Pausanias
760 3294 779 3358 l.
802 3315 827 3358 c.
852 3300 973 3368 narrat,
1004 3293 1095 3357 initio
1118 3293 1160 3357 ad
1182 3292 1371 3375 placandam

156 3396 294 3460 Dianam
317 3395 464 3462 Orthiam
489 3399 632 3463 homines
655 3399 688 3464 iu
712 3421 769 3464 ara
792 3401 857 3465 eius
881 3398 1062 3464 immolatos
1085 3419 1167 3475 esse;
1190 3398 1371 3482 Lycurgum

154 3508 261 3566 autem
295 3510 434 3578 atrocem
465 3504 552 3570 hunc
582 3526 701 3571 morem
733 3507 779 3570 ita
801 3506 974 3572 mutavisse
996 3514 1031 3571 ut
1054 3505 1224 3588 quotannis
1247 3504 1372 3568 adules-

154 3608 271 3672 centuli
293 3606 542 3690 flagellarentur,
572 3633 707 3694 quorum
736 3613 890 3692 sanguine
920 3613 997 3677 deae
1019 3633 1077 3676 ara
1102 3615 1370 3693 conspergeretur.

156 3714 274 3778 Verum
302 3722 413 3797 postea
443 3738 514 3781 cum
547 3716 643 3782 huius
671 3718 804 3800 originis
834 3718 986 3782 memoria
1009 3719 1164 3801 paulatim
1186 3716 1371 3790 evanuisset,

155 3819 251 3884 etiarn
276 3818 537 3906 διαμαστίγωσις
560 3822 602 3887 ad
625 3824 799 3888 Persarum¹
809 3824 900 3888 illum
916 3825 1067 3907 impetum
1083 3823 1287 3898 referebatur,
1309 3821 1371 3884 nisi

154 3946 227 3989 vero
258 3925 465 3990 Plutarchum
500 3927 579 3992 duas
609 3930 682 3994 illas
712 3927 943 4012 flagellationes
965 3931 1144 3994 confudisse
1165 3929 1267 4004 malis,
1301 3948 1371 3992 cum

154 4030 174 4094 l.
198 4053 223 4095 c.
247 4031 293 4095 sic
323 4038 483 4114 pergeretz
518 4026 571 4100 διὸ
602 4033 657 4098 καὶ
688 4033 739 4098 νῦν
768 4031 889 4121 ἐκείνης
916 4034 973 4123 τῆς
1000 4032 1180 4121 ἐπιδρομῆς
1200 4025 1372 4122 μιμήματα

154 4176 251 4182 ——--
258 4177 524 4184 *η-

246 4265 264 4327 ¹)
283 4261 351 4315 Ante
371 4257 458 4318 ἄλλοις
477 4264 579 4318 videtur
598 4270 653 4320 τοῐε
671 4266 797 4318 articulus
816 4266 946 4322 excidisse.
