3236 4894
252 447 291 490 ea
314 424 396 508 quae
418 425 610 491 antecedunt
632 427 751 491 clarius
774 427 913 514 illustret
927 426 976 491 vel
1000 447 1127 491 causam
1150 425 1249 490 addat
1272 445 1396 490 necesse
1419 433 1479 490 est.

254 531 315 596 Sed
338 531 414 614 quid
444 531 572 596 tandem
602 531 635 595 id
663 531 746 615 quod
775 532 939 616 Lycurgus
969 531 1162 596 existimavit
1189 520 1360 618 (ἡγήσατο)
1392 551 1479 596 com-

253 658 348 703 mune
381 637 479 703 habet
513 660 584 703 cum
612 619 815 720 optimatium
843 637 962 702 iudicio
994 633 1164 723 (ἔγνωσαν)
1198 636 1247 700 vel
1281 637 1376 702 etIam
1405 659 1477 702 cum

253 743 423 808 eorundem
458 744 492 808 in
522 743 685 808 condendo
707 764 838 808 munere
869 743 1016 827 ephorico
1039 763 1193 808 consensu
1223 742 1476 827 (συγκατασκευ-

254 840 368 934 citroq?
419 848 564 914 Profecto
599 850 625 913 si
656 870 753 914 causa
782 849 913 914 additur
943 871 1000 914 cur
1043 849 1076 912 in
1107 848 1312 913 instituendis
1349 848 1478 931 ephoris

254 975 399 1038 proceres
422 976 494 1019 cum
516 954 661 1039 Lycurgo
693 955 919 1032 consenserint,
948 976 1011 1019 non
1034 954 1076 1019 ad
1099 955 1297 1038 Lycurgum,
1327 955 1384 1037 qui
1411 976 1475 1018 non

231 1069 533 1138 commemoratur,
562 1062 616 1126 sed
642 1060 683 1126 ad
706 1082 850 1145 proceres
877 1061 1054 1125 necessario
1078 1053 1230 1143 pertinet,
1261 1081 1331 1150 cum
1363 1059 1402 1124 de
1425 1060 1477 1123 his

254 1167 340 1244 solis,
363 1167 441 1250 quid
464 1167 594 1250 egerint,
618 1167 696 1250 quid
718 1167 912 1251 putaverint,
931 1173 1056 1248 agatur.
1090 1166 1220 1232 Accedit
1243 1166 1328 1249 quod
1347 1187 1410 1230 nou
1434 1166 1476 1229 ad

254 1272 390 1356 primam
419 1274 588 1356 originem,
617 1273 672 1338 sed
711 1273 752 1338 ad
781 1295 930 1355 magnam
960 1280 1150 1357 potestatem
1179 1271 1369 1355 ephororum
1399 1271 1479 1336 haec

255 1399 351 1444 causa
376 1380 522 1462 pertinet,
554 1379 600 1444 ita
631 1386 668 1444 ut
696 1401 716 1443 a
739 1400 926 1462 praegressa
954 1379 1112 1444 sententia
1141 1379 1267 1443 omnino
1297 1378 1403 1442 aliena
1426 1378 1479 1442 sit.

256 1484 317 1549 Sed
340 1485 417 1549 satis
439 1486 503 1549 iam
527 1485 626 1578 elucet
649 1506 750 1567 neque
772 1475 912 1571 ἡγήσαιο
935 1484 1064 1549 verbum
1086 1506 1143 1549 nec
1167 1491 1267 1549 totum
1292 1484 1352 1548 hoc
1376 1504 1480 1547 enun-

255 1591 371 1655 tiatum
393 1590 512 1656 habere
535 1612 597 1674 quo
620 1591 778 1673 respiciat.

344 1695 457 1780 Itaque
479 1703 551 1779 post
575 1690 660 1760 οἴκοι
684 1718 789 1762 vocem
812 1697 965 1762 excidisse
988 1696 1187 1760 enuntiatum
1203 1696 1398 1760 arbitramur
1414 1716 1480 1778 quo

253 1802 443 1868 ,institutum
465 1802 546 1866 illud
569 1803 712 1887 Lycurgo
736 1802 844 1868 deberi
865 1803 1042 1867 luculenter
1064 1801 1231 1866 diceretur.
1246 1804 1356 1884 ¹Atque
1379 1801 1478 1865 talem

256 1907 321 1972 fere
336 1908 529 1991 requirimus
552 1909 754 1973 sententiam:
776 1908 942 1973 constituit
964 1909 1047 1972 enim
1064 1908 1227 1991 Lycurgus
1250 1928 1288 1971 ex
1311 1913 1481 1989 praestan-

255 2014 387 2079 tissimis
415 2014 536 2079 civibus
566 2016 788 2097 magistratum
811 2016 951 2098 quinque
980 2013 1181 2096 ephororum,
1204 2013 1260 2096 qui
1276 2035 1382 2077 annua
1406 2013 1480 2096 qui-

256 2120 327 2184 dem
358 2119 412 2184 sed
435 2141 559 2184 summa
580 2120 770 2184 auctoritate
800 2126 897 2203 atque
925 2125 1082 2202 potestate
1111 2126 1285 2184 uterentur.
1317 2119 1404 2183 Haeo
1420 2125 1482 2183 aut

257 2225 375 2290 similia
402 2225 430 2289 si
452 2226 508 2290 illo
532 2226 601 2290 loco
623 2225 818 2302 inseruntur,
849 2225 956 2290 omnia
984 2225 1080 2309 plane
1103 2225 1287 2309 procedunt.
1333 2223 1414 2288 Nam
1437 2225 1478 2288 iis

258 2352 341 2414 quae
365 2337 541 2414 sequuntur
571 2333 741 2415 exponitur
771 2354 826 2397 cur
856 2332 1020 2416 Lycurgus
1043 2338 1152 2398 tantae
1181 2337 1348 2414 potestatis
1377 2330 1479 2412 magi·

257 2443 393 2502 stratum
415 2437 593 2502 condidisse
615 2438 760 2505 videatur
791 2445 822 2504 et
845 2458 926 2522 quae
948 2437 1137 2521 ephororum
1160 2459 1292 2501 munera
1315 2436 1389 2502 sint.

469 2580 516 2643 De
539 2580 642 2664 capite
667 2579 754 2645 VIII.
774 2601 776 2610 ·

345 2701 484 2768 Steiuius
497 2702 523 2787 1)
552 2723 619 2785 cap.
642 2703 720 2768 XIV
755 2703 789 2767 in
818 2701 880 2766 fine
913 2702 1014 2766 libelli
1048 2703 1229 2786 ponendum
1263 2683 1475 2767 esseHaasio

256 2830 402 2873 assensus
425 2814 500 2874 aute
529 2808 588 2872 hoc
610 2814 759 2891 caputet
781 2815 853 2892 post
875 2808 955 2873 illud
979 2809 1063 2891 quod
1098 2831 1181 2873 nunc
1203 2829 1271 2891 cap.
1295 2808 1356 2872 XV
1379 2806 1478 2870 fertur

256 2937 324 2998 cap.
350 2914 428 2980 VIII
452 2915 526 2978 olim
551 2915 740 2979 collocatum
764 2915 859 2980 fuisse
882 2915 1054 2979 contendit.
1089 2917 1193 2997 Atque
1216 2935 1283 2998 cap.
1307 2914 1384 2978 XIV
1409 2913 1481 2995 qui-

256 3020 337 3097 dem,
360 3020 387 3085 si
412 3021 583 3102 genuinum
606 3020 664 3098 sit,
687 3021 755 3086 sine
779 3021 876 3086 dubio
900 3027 973 3104 post
995 3042 1062 3104 cap.
1086 3019 1147 3086 XV
1172 3019 1389 3086 collocandum
1412 3038 1483 3083 esse

257 3147 348 3189 nemo
370 3147 434 3190 non
457 3125 551 3191 videt.
597 3126 657 3192 Sed
680 3149 774 3210 quem
807 3126 905 3210 capiti
929 3125 1006 3190 VIII
1029 3126 1169 3192 Steinius
1198 3125 1340 3190 ordinem
1366 3123 1482 3188 tribuit

257 3231 501 3314 minimeaptus
524 3232 753 3309 videturesse,
777 3253 958 3316 quanquam
989 3253 1025 3296 eo
1049 3254 1111 3314 quo
1143 3253 1226 3296 nunc
1254 3231 1378 3312 legatur
1410 3230 1482 3293 loco

256 3336 317 3401 hoc
332 3344 429 3420 caput
449 3337 650 3421 dispositioni
674 3338 774 3404 libelli
790 3359 904 3421 parum
925 3337 1116 3431 respondere
1138 3359 1209 3401 cum
1234 3337 1290 3401 illo
1307 3335 1480 3400 consentio.

257 3443 414 3525 Loquitur
442 3444 526 3509 euim
554 3445 691 3528 scriptor
719 3466 809 3527 capp.
835 3442 941 3510 l-IV
971 3443 1011 3507 de
1039 3443 1217 3508 eruditione
1245 3465 1283 3508 ac
1310 3441 1481 3525 disciplina

257 3549 450 3632 puellarum,
480 3572 668 3633 puerorum,
691 3549 960 3626 adulescentium,
991 3569 1059 3631 cap.
1083 3547 1174 3612 Vde
1204 3548 1355 3613 conviviis
1383 3553 1483 3629 atque

258 3656 538 3720 exercitationibus
560 3655 706 3738 publicis,
729 3677 797 3738 cap.
815 3655 859 3720 VI
884 3655 922 3719 de
943 3654 1102 3719 communi
1125 3654 1264 3719 omnium
1281 3675 1387 3719 rerum
1410 3674 1482 3727 usu,

257 3783 324 3844 cap.
359 3760 422 3826 VII
459 3760 499 3827 de
537 3761 650 3826 studiis
687 3762 917 3845 Spartanorum
956 3761 1125 3843 vetitisque
1162 3759 1292 3824 divitiis.
1358 3757 1482 3824 Deinde

257 3888 324 3950 cap.
348 3866 427 3931 VIII
449 3867 608 3951 sequitur,
640 3868 759 3952 quoin
791 3867 972 3932 universum
1004 3866 1043 3931 de
1074 3866 1189 3931 civium
1220 3865 1420 3931 oboedientia
1449 3871 1482 3927 et

257 3971 296 4036 de
319 3973 473 4038 institutis
496 3973 623 4055 ephoris
645 3974 770 4055 agitur3
793 3973 906 4057 incipit
928 3972 989 4037 hoe
1011 3993 1079 4055 cap.
1097 3971 1200 4037 verbis
1223 3959 1304 4034 ἀλλὰ
1328 3961 1387 4055 γάρ
1410 3968 1480 4053 (sed

257 4077 372 4162 enim),
401 4101 483 4162 quae
513 4079 555 4145 ad
586 4081 756 4164 superioris
785 4079 899 4162 capitis
931 4079 1028 4144 verba
1050 4083 1191 4142 extrema
1218 4072 1253 4140 τί
1276 4061 1328 4140 οὖν
1351 4062 1390 4138 ‹ib›
1412 4069 1482 4138 ἐκεῖ

349 4260 368 4323 ¹)
387 4257 416 4312 L.
436 4274 456 4310 c,
475 4273 500 4324 p.
520 4259 553 4311 22
572 4273 610 4325 sq.
