3236 4894
828 237 869 295 48

234 437 381 521 plicatur.
411 437 521 522 Neque
536 438 746 523 improbabile
764 462 831 504 esse
847 447 995 523 putamus
1008 463 1077 524 cap.
1088 440 1166 507 VIII
1178 441 1204 526 1)
1217 447 1247 504 et
1259 463 1326 524 cap.
1336 440 1460 522 x1V2),

236 566 306 608 oum
328 545 362 608 in
382 544 516 627 singulis
533 553 797 629 essetutrumque
819 547 903 610 foliis
920 549 1142 629 conscriptum,
1165 554 1289 611 mutato
1304 548 1457 612 foliorum

234 650 344 715 ordine
366 651 482 716 falsum
505 652 589 716 hunc
612 674 673 735 quo
696 653 846 734 leguntur
868 652 971 716 locum
994 674 1173 735 occupasse.
1217 654 1300 719 Sane
1323 654 1457 737 quidem

233 778 291 840 pro
314 763 399 822 certo
416 764 494 840 quot
517 779 623 822 versus
639 759 673 822 in
690 759 823 840 singulis
845 759 929 824 loliis
950 759 1130 824 exstiterint
1152 760 1311 841 explorari
1333 761 1460 843 nequit,

234 863 385 946 quoniam
407 863 441 926 in
458 864 603 928 omnibus
626 865 691 928 fere
713 886 803 947 capp.
825 865 957 947 ipsoque
980 865 1014 928 iu
1038 885 1104 948 cap.
1119 865 1197 930 VIII
1219 865 1290 948 plus
1312 867 1458 934 minusve

236 969 341 1051 periit.
379 968 485 1033 Habet
508 977 612 1034 autem
635 990 702 1053 cap.
720 970 798 1034 VIII
820 969 974 1034 ambitum
997 970 1161 1053 aliquanto
1184 971 1335 1035 maiorem
1359 992 1457 1053 quam

233 1095 301 1157 cap.
324 1075 410 1151 XIV,
442 1076 475 1140 in
504 1097 567 1158 quo
598 1076 749 1140 omissum
779 1096 847 1140 esse
876 1077 958 1140 nihil
987 1077 1120 1141 videtur.
1165 1077 1261 1142 Forat
1291 1077 1397 1158 igitur,
1428 1079 1455 1141 si

232 1201 300 1262 cap.
311 1179 390 1245 VIII
405 1181 438 1244 in
455 1203 517 1246 uno
533 1181 609 1246 folio
625 1182 838 1264 conscriptum
854 1182 1051 1259 fuissemus,
1073 1182 1275 1256 statuendum
1292 1204 1360 1265 cap.
1377 1182 1455 1248 XIV

232 1287 326 1350 unius
355 1287 424 1351 solii
447 1309 512 1351 non
533 1294 636 1352 totum
664 1287 822 1353 ambitum
845 1288 900 1352 sed
930 1289 1081 1352 maiorem
1104 1294 1230 1352 tantum
1253 1294 1376 1371 partem
1400 1309 1455 1352 ex-

231 1391 374 1475 plevisse.
421 1391 512 1468 Quod
541 1393 634 1458 facile
664 1392 733 1457 fieri
762 1395 876 1476 potuit,
907 1415 978 1458 cum
1008 1393 1101 1458 initio
1124 1393 1184 1458 hoo
1215 1401 1312 1477 caput
1334 1393 1368 1458 in
1391 1393 1455 1460 fine

230 1498 332 1563 libelli
361 1497 549 1563 collocatum
579 1504 668 1564 esset.
719 1499 781 1565 Sed
810 1500 910 1563 multo
940 1499 1004 1565 iarn
1034 1506 1205 1582 antequam
1236 1500 1337 1564 denuo
1369 1522 1453 1564 com-

229 1604 353 1687 positus
388 1611 435 1668 cst
462 1604 605 1680 libellus
639 1626 709 1669 cuin
739 1604 867 1687 singula
895 1605 1011 1670 codicis
1045 1605 1123 1670 lolia
1153 1605 1309 1670 dissoluta
1340 1613 1454 1680 essent,

229 1709 310 1774 illud
334 1731 397 1793 quo
427 1731 495 1792 cap.
518 1711 580 1776 XV
603 1709 825 1776 continebatur
855 1711 966 1775 folium
988 1711 1098 1794 aliquo
1121 1731 1198 1774 casu
1220 1712 1253 1774 in
1277 1718 1454 1776 extremum

228 1816 333 1880 locum
356 1816 491 1880 devenit.
537 1816 587 1881 Ita
618 1817 702 1880 enim
726 1817 851 1881 videtur
881 1816 998 1881 factum
1021 1837 1088 1880 esse
1111 1823 1148 1880 ut
1175 1817 1208 1880 in
1232 1818 1334 1882 altera
1356 1816 1454 1882 huius

227 1920 298 1986 folii
320 1922 438 2006 pagina
461 1922 603 2004 perirent
614 1925 641 2007 8)
671 1943 752 2004 quae
777 1922 871 1987 hodic
900 1922 942 1987 ad
964 1920 1058 1987 finem
1087 1923 1154 1987 eius
1184 1923 1298 2005 capitis
1328 1922 1455 1988 deside-

228 2035 350 2092 rantur.
364 2027 392 2112 4)
431 2029 499 2092 Iam
521 2029 549 2093 is
573 2029 628 2111 qui
651 2029 807 2093 dissoluta
823 2028 926 2093 denuo
950 2030 1126 2112 composuit
1149 2049 1242 2110 quem
1265 2050 1355 2111 capp.
1372 2026 1452 2095 XIV

227 2142 259 2198 et
288 2132 349 2197 XV
379 2134 528 2198 foliorum
558 2134 700 2198 ordinem
729 2134 851 2198 invenit
880 2134 1004 2198 videtur
1033 2135 1210 2201 retinuisse.
1257 2133 1349 2210 Quod
1378 2156 1453 2200 vero

227 2240 268 2304 ad
298 2239 497 2321 singularum
526 2239 758 2303 sententiarum
783 2239 904 2303 ordinis
933 2239 1187 2322 perturbationes
1213 2261 1295 2323 quae
1329 2241 1454 2306 inveni-

230 2351 329 2409 untur
344 2345 467 2422 attinet,
489 2352 596 2410 utrum
618 2346 693 2410 illae
716 2346 779 2410 iam
802 2346 836 2410 in
859 2366 1004 2428 ecquem
1027 2346 1093 2410 dixi
1109 2346 1216 2410 codice
1239 2347 1322 2410 male
1338 2346 1451 2412 habito

230 2451 409 2516 exstiterint
442 2473 485 2516 an
524 2458 634 2534 postea
668 2452 887 2535 compositoris
921 2452 1119 2534 neglegentia
1157 2453 1221 2516 sint
1255 2459 1383 2518 exortae
1417 2454 1450 2516 in

229 2557 331 2622 medio
360 2558 515 2641 relinquo
569 2555 688 2622 Contra
721 2559 881 2639 graviores
912 2558 1109 2641 corruptelae
1143 2558 1254 2640 procul
1285 2558 1379 2622 dubio
1409 2579 1447 2620 ex

229 2663 462 2729 obscurioribus
485 2663 573 2727 illius
596 2662 713 2728 codicis
735 2663 900 2746 scripturis
923 2663 1112 2746 repetendae
1136 2670 1218 2727 sunt.
1267 2662 1332 2739 Qua
1353 2662 1386 2725 in
1408 2683 1442 2725 re

229 2769 396 2852 probabile
419 2769 547 2853 quidem
569 2768 669 2832 videri
693 2774 797 2851 potest
818 2769 1301 2852 compositorem-interdumnbi
1318 2767 1446 2833 obscura

230 2876 342 2959 vixque
365 2874 583 2956 cognoscenda
604 2873 686 2939 liber
708 2873 871 2939 exhiberet
893 2875 1028 2939 evanida
1049 2897 1108 2957 pro
1132 2874 1198 2938 suis
1214 2875 1335 2938 viribus
1359 2873 1451 2937 resti-

230 2987 319 3046 tuere
342 3001 409 3044 esse
431 2988 587 3055 conatum,
616 2981 710 3063 quale
733 2981 909 3064 exemplum
937 2981 1090 3045 habemus
1121 2981 1255 3045 fortasse
1277 2981 1307 3045 X
1331 2988 1368 3054 2;
1397 2978 1452 3044 sed

227 3087 415 3170 plerumque
445 3085 535 3150 illum
566 3107 646 3170 quae
674 3086 831 3169 perissent
861 3087 956 3169 plane
990 3087 1166 3168 neglexisse
1197 3086 1332 3152 lacunae
1368 3105 1454 3168 quae

227 3191 432 3258 inveniuntur
461 3193 539 3257 satis
568 3193 760 3257 ostendunt!
794 3192 863 3256 Hoc
894 3193 993 3276 igitur
1022 3192 1086 3255 fere
1109 3191 1201 3256 modo
1228 3191 1358 3256 libellus
1381 3212 1453 3254 eam

228 3319 324 3380 quam
346 3319 429 3362 nunc
451 3297 548 3363 habet
570 3298 703 3362 sormam
729 3297 854 3363 videtur
881 3297 1031 3362 induisse.

316 3403 437 3480 Quodsi
458 3403 585 3487 quando
613 3404 673 3469 hoc
695 3403 813 3468 facturn
837 3405 879 3469 sit
903 3404 1104 3487 quaesiveris,
1136 3404 1253 3468 certius
1275 3405 1380 3468 facere
1403 3403 1455 3466 iu-

228 3510 346 3574 dicium
369 3531 521 3575 veremur.
559 3509 641 3574 Nam
664 3511 723 3575 etsi
745 3532 826 3593 quae
849 3509 881 3575 II
905 3518 922 3574 6
948 3511 1023 3576 etV
1046 3518 1064 3574 3
1088 3511 1240 3575 lacunosa
1264 3514 1339 3573 sunt
1363 3507 1452 3590 apud

228 3616 436 3681 Plutarchum
458 3616 531 3699 Lyc.
558 3624 597 3681 17
622 3624 654 3681 et
678 3623 718 3681 12
743 3617 901 3700 copiosius
931 3622 1113 3692 narrantur,
1143 3637 1218 3680 cave
1246 3622 1353 3679 tamen
1375 3613 1453 3677 inde

318 3827 338 3895 1)
358 3826 418 3880 Vid.
438 3843 462 3894 p.
477 3829 510 3881 22
529 3842 584 3895 sqq.

316 3916 337 3984 2)
356 3914 416 3968 Vid.
436 3931 461 3982 p.
478 3918 511 3969 53
530 3930 585 3982 sqq.

316 4005 336 4071 8)
355 4003 464 4057 Duobus
491 4001 596 4071 quidem
626 4003 743 4056 versibus
772 4004 876 4056 tantum
905 4002 933 4054 in
961 4001 1089 4054 Dindorfii
1122 4000 1160 4054 ed.
1187 4002 1323 4069 stereotyp.
1351 3999 1450 4052 Tcubu.

225 4091 310 4144 minor
333 4094 374 4144 est
396 4107 452 4158 cap.
471 4091 521 4143 XV
540 4090 655 4144 ambitus
680 4107 759 4159 quam
787 4107 842 4158 cap.
862 4089 939 4157 VIII,
965 4089 1009 4142 sed
1029 4089 1055 4142 in
1075 4089 1123 4142 hoc
1142 4089 1307 4156 aliquantum
1325 4085 1452 4142 excidisse

227 4179 349 4233 vidimus.

316 4269 337 4336 4)
357 4266 416 4321 Vid.
436 4283 460 4334 p.
474 4269 509 4321 39
528 4283 565 4334 sq.
