3236 4894
836 212 874 266 16

342 412 462 478 Utt
407 421 462 478 aut
465 435 513 478 em
536 436 598 496 quo
621 436 658 480 ea
680 415 853 497 respiciant
880 436 1119 496 cognoscamus,
1142 415 1230 480 aliud
1256 422 1348 498 repul
1336 416 1470 480 tandum

246 525 306 584 est.
283 519 374 584 tsi
392 520 476 583 enirn
492 520 587 583 huius
602 521 688 602 capit
689 520 716 583 is
675 524 789 601 tea
809 521 986 586 consideres
1002 518 1137 586 verba
1122 543 1154 584 ar
1177 518 1273 585 δέ
1235 545 1273 584 τι
1264 514 1426 608 ..ιιάριῃ
1451 512 1468 585 ὃ

247 623 440 710 Λοιοῑργος
461 629 565 707 ἰιοῖς
568 623 613 689 ιέν
630 622 881 711 ἐλειθέροις
835 651 899 690 τιον
920 623 980 709 μὲν
1003 614 1036 708 ἂι
1024 625 1090 714 μιρὶ
1105 647 1276 712 χρριιαιιορ
1263 618 1325 708 μὸν
1342 614 1468 692 ἀπεῖπε

245 723 380 818 μιὸενὸς
402 720 583 809 ἅπτεσθαι,
617 721 678 796 ὅσα
701 729 737 795 δὲ
762 727 947 818 ἐλειμθεριιιι
975 735 1047 809 τοῖς
1078 724 1196 796 πόλεσι
1218 725 1466 818 παροισκειάζει,

246 835 346 901 raian
372 832 462 916 ἐιιιξε
483 828 567 919 μόνοι
591 833 667 922 ἔργα
682 827 785 902 αἰτῶν
807 834 954 920 νομίζειν,
971 837 1109 904 offendes
1124 835 1184 919 μέν
1198 847 1271 904 ante
1284 836 1468 924 ἐλευθέροις

244 944 365 1024 posito,
396 965 466 1007 curn
495 965 597 1026 neque
628 945 661 1007 in
688 945 748 1008 hoc
777 944 847 1026 ipso
877 945 1042 1008 enuntiato
1072 966 1175 1026 neque
1197 945 1281 1008 infra
1304 943 1403 1009 ullum
1429 943 1466 1008 de'

244 1054 302 1112 aut
324 1048 604 1131 aliudquicquam
621 1049 706 1132 quod
728 1049 777 1114 illi
799 1050 989 1133 respondeat
1011 1057 1170 1131 sequatur.
1209 1050 1290 1114 Sunt
1312 1072 1388 1116 sane
1411 1052 1467 1132 qni

244 1137 304 1219 lloc
326 1151 387 1236 μέν
408 1154 590 1229 deleverint,
614 1155 698 1219 inter
723 1176 800 1238 quos
822 1153 1023 1232 Dindorfins3
1047 1155 1103 1220 sed
1124 1163 1250 1232 temere,
1272 1164 1309 1220 ut
1332 1157 1467 1232 videtur,

245 1261 396 1342 qnoniam
425 1269 588 1342 praeterea
619 1262 700 1326 nihil
726 1261 824 1325 habet
855 1259 1045 1352 offensionis,
1058 1262 1084 1346 ¹)
1141 1263 1245 1344 Atque
1276 1262 1465 1326 servandum

244 1386 310 1430 esse
333 1366 413 1430 illud
436 1387 499 1430 non
524 1367 627 1430 minus
657 1367 781 1431 videtur
804 1388 901 1449 quam
924 1374 992 1433 tota
1013 1367 1174 1450 particula
1204 1370 1273 1443 τοῖς
1293 1364 1353 1449 μὲν
1377 1364 1466 1431 ἐλει-

244 1471 366 1557 θέροις,
402 1494 498 1554 quam
527 1472 627 1536 eicere
657 1472 762 1537 adhuc
790 1473 908 1537 nemini
938 1473 1066 1555 placuit.
1121 1473 1271 1538 Attamen
1300 1473 1467 1538 abundare

244 1599 281 1641 ea
305 1577 400 1642 verba
423 1579 455 1640 in
478 1578 647 1660 propatulo
664 1585 720 1642 est.
758 1578 867 1661 Neque
890 1580 972 1642 enim
989 1579 1194 1662 perspicimus
1210 1579 1288 1661 quid
1311 1579 1466 1644 hocloco

243 1684 418 1766 ingenui
441 1683 764 1748 Lacedaemoniorum
785 1691 1076 1760 commemorentur,
1100 1705 1243 1768 comper
1262 1685 1462 1750 totumbunc

245 1790 386 1855 libellum
410 1790 449 1854 de
471 1789 521 1853 his
545 1790 621 1854 solis
644 1798 767 1872 agatur.
806 1790 905 1855 Nemo
928 1789 1068 1874 profecto
1084 1811 1164 1873 quae
1186 1791 1465 1876 (exempli-causa)

243 1897 355 1978 cap.V
379 1896 418 1960 dc
441 1917 518 1960 cena
541 1897 708 1972 communi,
732 1896 770 1960 de
794 1918 960 1979 corporum
984 1897 1265 1962 exercitationibus
1281 1898 1464 1961 referuntur

160 1991 162 2002 ¹
241 2002 317 2066 item
340 2003 373 2065 in
398 2023 503 2067 servos
525 2003 630 2067 valere
653 2001 787 2084 putabit.
833 2003 880 2066 De
903 2003 979 2066 solis
1005 2003 1103 2084 igitur
1126 2003 1272 2083 ingenuis
1295 2004 1465 2086 Spartanis

244 2130 345 2174 sermo
370 2115 426 2183 est,
450 2109 509 2172 etsi
533 2129 679 2191 expresse
701 2129 765 2171 non
788 2109 912 2174 dicitur.
957 2107 1040 2171 Nam
1062 2108 1077 2171 I
1101 2116 1120 2170 4
1144 2129 1250 2172 vocem
1278 2105 1464 2194 ἐλευθέραις

242 2215 287 2278 sic
310 2214 448 2296 positam
471 2235 537 2277 esse
559 2222 596 2278 ut
614 2214 770 2296 superiori
795 2205 911 2290 ὄοέλος
934 2202 1145 2296 responderet
1161 2215 1317 2279 neminem
1340 2214 1464 2298 fugit.²)

243 2319 286 2383 At
308 2319 368 2384 hoc
390 2318 459 2384 loco
485 2341 566 2402 quae
590 2320 693 2384 verbis
720 2323 790 2396 τοῖς
811 2315 871 2401 μὲν
899 2316 1084 2404 ἐλευθέροις
1112 2328 1315 2403 opponantur
1342 2319 1463 2384 frustra

243 2447 386 2509 quaeras.
440 2424 571 2490 Constat
607 2433 713 2490 antem
748 2425 834 2489 haud
864 2447 981 2508 pancos
1016 2425 1111 2491 fuisse
1142 2427 1377 2492 Lacedaemone
1407 2426 1463 2509 qui

242 2533 307 2596 sive
336 2531 508 2597 hilotarum
538 2532 602 2596 sive
634 2533 851 2614 perioecorunr
880 2532 1064 2596 condicione
1098 2533 1148 2596 usi
1180 2553 1233 2596 cas
1267 2520 1346 2615 qdas
1381 2533 1463 2596 cives

201 2643 202 2648 ’
244 2637 394 2722 Spartani
417 2644 653 2703 contemnerent
676 2645 761 2702 artes
785 2637 957 2702 illiberales
981 2636 1172 2702 factitarent.
1217 2638 1275 2702 His
1298 2623 1354 2721 per
1376 2638 1463 2720 leges
1505 2703 1510 2720 ,

241 2745 368 2809 licuisse
389 2739 654 2830 χρηματίζεσθαι,
680 2743 700 2807 i.
714 2764 739 2806 e.
763 2744 811 2808 uti
834 2744 969 2826 pecunia
991 2765 1123 2826 eamque
1146 2765 1270 2826 parare,
1286 2753 1318 2808 et
1333 2765 1465 2808 consen·

241 2859 369 2915 taneum
391 2859 439 2913 est
461 2857 493 2913 et
514 2850 575 2913 hoc
602 2849 671 2932 ipso
701 2850 770 2914 loco
793 2850 889 2913 tacite
920 2849 1129 2934 indicatur.³)
1182 2849 1258 2913 Illos
1288 2850 1385 2930 igitur
1413 2851 1462 2914 in-

241 2958 334 3040 colas,
350 2957 580 3039 Spartanorum
603 2955 735 3038 imperio
759 2977 796 3019 ac
820 2955 1030 3020 dominationi
1053 2956 1198 3020 subditos
1221 2956 1276 3038 qui
1299 2955 1463 3020 laboribus

239 3084 278 3140 nc
308 3063 453 3144 quaestui
483 3068 631 3126 vacarent
658 3063 728 3138 τοῖς
758 3057 943 3147 ἐλευθέροις
972 3083 991 3125 a
1020 3062 1173 3148 scriptore
1205 3062 1365 3143 oppositos
1394 3083 1462 3126 csse

240 3189 311 3232 cum
334 3175 579 3232 consentaneum
608 3169 659 3244 sit,
682 3173 757 3231 ante
779 3158 817 3230 τό
841 3189 875 3252 γε
896 3159 959 3254 μὴν
982 3169 1078 3232 verba
1107 3167 1308 3231 enuntiatum
1330 3167 1461 3249 aliquod

240 3274 359 3357 perisse
375 3274 576 3338 arbitramur.
612 3274 662 3338 Ita
679 3274 760 3337 enirn
777 3273 873 3337 verba
894 3271 950 3336 καὶ
974 3269 1007 3335 ἐν
1028 3275 1098 3350 τοῖς
1113 3263 1274 3349 τοιοίτοις
1289 3264 1462 3337 διεκώλυσε

240 3379 318 3463 quid
341 3379 404 3444 sibi
425 3381 525 3444 velint
541 3381 648 3444 statim
671 3379 877 3460 intellegitur.
915 3378 995 3443 Nam
1013 3379 1128 3444 locutio
1156 3375 1189 3441 ἐν
1210 3381 1280 3455 τοῖς
1302 3369 1473 3455 τοιοιίιοιςΙ

332 3601 1462 3679 WOEIHImfiwfflmmfflmpwhomfflwfflawfflmffidffl

239 3697 409 3752 dfflwfflw
429 3739 591 3751 .......
611 3692 972 3769 thQOaat

328 3792 349 3855 ἐ)
369 3788 494 3857 Legimus
513 3786 562 3840 ibi:
583 3779 597 3838 ὁ
616 3785 645 3838 δι’
667 3785 821 3856 ..ιῙοκοῖιργος
840 3785 962 3851 ἐσθῆτος
978 3789 1028 3852 μὲν
1047 3791 1090 3836 καὶ
1110 3783 1203 3840 δούλας
1222 3791 1351 3856 παρέχειν
1371 3778 1462 3839 ιἰιιιιίις

239 3871 456 3948 ἡγήσοιτοεῖνοι,
476 3881 534 3929 ταῖς
553 3868 577 3926 ‹l'
598 3873 752 3944 ἐλευθέροις
769 3879 899 3944 μέγιστοι)
919 3879 1031 3942 replens
1048 3895 1070 3925 κ.
1091 3893 1113 3924 τ.
1134 3871 1154 3925 λ.

327 3973 1462 4050 lfflfflfflufflfflfflfflmffifflmmmwwwm

239 4065 383 4142 ἀποφορὰν
408 4063 658 4140 <ξᾶπορι’ροντωζ>
684 4064 735 4135 τὴν
759 4064 869 4121 dundee
894 4071 1052 4137 ἕστομεΜιηι
1078 4061 1220 4138 ἐπάρατον
1243 4061 1300 4119 d
1286 4088 1320 4132 ιν
1335 4065 1461 4120 alnordc

238 4141 1460 4228 ummffimrmmmmmfflwmmfflnmmwvmmffiw

238 4246 321 4300 πλεοιι
339 4250 411 4311 ἐπιζι
402 4247 509 4313 ητιῦσιι.
