<?xml version="1.0" encoding="UTF-8"?>
<!DOCTYPE html PUBLIC "-//W3C//DTD XHTML 1.0 Transitional//EN"
    "http://www.w3.org/TR/xhtml1/DTD/xhtml1-transitional.dtd">
<html xmlns="http://www.w3.org/1999/xhtml" xml:lang="en" lang="en">
 <head>
  <title>
</title>
<meta http-equiv="Content-Type" content="text/html;charset=utf-8" />
  <meta name='ocr-system' content='tesseract 3.04.00' />
  <meta name='ocr-capabilities' content='ocr_page ocr_carea ocr_par ocr_line ocrx_word'/>
</head>
<body>
  <div class='ocr_page' id='page_1' title='image "./quaestionesinxe00wulfgoog_0059.png"; bbox 0 0 3236 4894; ppageno 0'>
   <div class='ocr_carea' id='block_1_1' title="bbox 197 891 1508 2671">
    <p class='ocr_par' dir='ltr' id='par_1_1' title="bbox 197 891 1508 2671">
     <span class='ocr_line' id='line_1_1' title="bbox 369 891 1508 980; baseline 0.004 -23"><span class='ocrx_word' id='word_1_1' title='bbox 369 893 561 976; x_wconf 82' lang='lat' dir='ltr'>Priusquam</span> <span class='ocrx_word' id='word_1_2' title='bbox 585 892 623 956; x_wconf 93' lang='lat' dir='ltr'>de</span> <span class='ocrx_word' id='word_1_3' title='bbox 646 914 714 976; x_wconf 89' lang='lat' dir='ltr'>cap.</span> <span class='ocrx_word' id='word_1_4' title='bbox 731 891 808 957; x_wconf 87' lang='lat' dir='ltr'>XIV</span> <span class='ocrx_word' id='word_1_5' title='bbox 828 893 905 976; x_wconf 91' lang='lat' dir='ltr'>quid</span> <span class='ocrx_word' id='word_1_6' title='bbox 928 893 1132 959; x_wconf 89' lang='lat' dir='ltr'>iudicandum</span> <span class='ocrx_word' id='word_1_7' title='bbox 1155 895 1197 959; x_wconf 87' lang='lat' dir='ltr'>sit</span> <span class='ocrx_word' id='word_1_8' title='bbox 1220 896 1254 960; x_wconf 93' lang='lat' dir='ltr'>in</span> <span class='ocrx_word' id='word_1_9' title='bbox 1270 896 1407 960; x_wconf 89' lang='lat' dir='ltr'>medium</span> <span class='ocrx_word' id='word_1_10' title='bbox 1430 919 1508 980; x_wconf 91' lang='lat' dir='ltr'>pro-</span> 
     </span>
     <span class='ocr_line' id='line_1_2' title="bbox 281 999 1507 1087; baseline 0.002 -23"><span class='ocrx_word' id='word_1_11' title='bbox 281 1001 399 1075; x_wconf 86' lang='lat' dir='ltr'>feram,</span> <span class='ocrx_word' id='word_1_12' title='bbox 429 999 662 1064; x_wconf 85' lang='lat' dir='ltr'>consideremus</span> <span class='ocrx_word' id='word_1_13' title='bbox 693 1020 756 1082; x_wconf 92' lang='lat' dir='ltr'>quo</span> <span class='ocrx_word' id='word_1_14' title='bbox 787 1006 927 1082; x_wconf 89' lang='lat' dir='ltr'>tempore</span> <span class='ocrx_word' id='word_1_15' title='bbox 960 1000 1086 1084; x_wconf 89' lang='lat' dir='ltr'>reliqua</span> <span class='ocrx_word' id='word_1_16' title='bbox 1119 1008 1271 1085; x_wconf 89' lang='lat' dir='ltr'>concepta</span> <span class='ocrx_word' id='word_1_17' title='bbox 1305 1023 1372 1067; x_wconf 87' lang='lat' dir='ltr'>esse</span> <span class='ocrx_word' id='word_1_18' title='bbox 1407 1010 1507 1087; x_wconf 87' lang='lat' dir='ltr'>atque</span> 
     </span>
     <span class='ocr_line' id='line_1_3' title="bbox 282 1104 1507 1190; baseline 0.004 -21"><span class='ocrx_word' id='word_1_19' title='bbox 282 1105 460 1188; x_wconf 88' lang='lat' dir='ltr'>conscripta</span> <span class='ocrx_word' id='word_1_20' title='bbox 489 1104 666 1170; x_wconf 83' lang='lat' dir='ltr'>rideantur.</span> <span class='ocrx_word' id='word_1_21' title='bbox 725 1104 807 1170; x_wconf 87' lang='lat' dir='ltr'>Nam</span> <span class='ocrx_word' id='word_1_22' title='bbox 830 1106 972 1187; x_wconf 83' lang='lat' dir='ltr'>quamvis</span> <span class='ocrx_word' id='word_1_23' title='bbox 1002 1105 1062 1170; x_wconf 91' lang='lat' dir='ltr'>hac</span> <span class='ocrx_word' id='word_1_24' title='bbox 1090 1107 1123 1169; x_wconf 92' lang='lat' dir='ltr'>in</span> <span class='ocrx_word' id='word_1_25' title='bbox 1155 1108 1338 1190; x_wconf 83' lang='lat' dir='ltr'>quaestione</span> <span class='ocrx_word' id='word_1_26' title='bbox 1369 1109 1507 1174; x_wconf 87' lang='lat' dir='ltr'>multum</span> 
     </span>
     <span class='ocr_line' id='line_1_4' title="bbox 281 1197 1508 1294; baseline 0.003 -20"><span class='ocrx_word' id='word_1_27' title='bbox 281 1217 483 1276; x_wconf 84' lang='lat' dir='ltr'>versarentur</span> <span class='ocrx_word' id='word_1_28' title='bbox 505 1211 709 1293; x_wconf 75' lang='lat' dir='ltr'>interpretes,</span> <span class='ocrx_word' id='word_1_29' title='bbox 739 1217 845 1275; x_wconf 90' lang='lat' dir='ltr'>tamen</span> <span class='ocrx_word' id='word_1_30' title='bbox 867 1210 952 1294; x_wconf 91' lang='lat' dir='ltr'>quod</span> <span class='ocrx_word' id='word_1_31' title='bbox 974 1213 1164 1294; x_wconf 89' lang='lat' dir='ltr'>probaretur</span> <span class='ocrx_word' id='word_1_32' title='bbox 1186 1197 1243 1278; x_wconf 90' lang='lat' dir='ltr'>aut</span> <span class='ocrx_word' id='word_1_33' title='bbox 1265 1235 1355 1279; x_wconf 89' lang='lat' dir='ltr'>nemo</span> <span class='ocrx_word' id='word_1_34' title='bbox 1379 1235 1508 1280; x_wconf 87' lang='lat' dir='ltr'>assecu-</span> 
     </span>
     <span class='ocr_line' id='line_1_5' title="bbox 279 1316 1506 1400; baseline 0.004 -19"><span class='ocrx_word' id='word_1_35' title='bbox 279 1322 331 1381; x_wconf 86' lang='lat' dir='ltr'>tus</span> <span class='ocrx_word' id='word_1_36' title='bbox 354 1322 495 1393; x_wconf 88' lang='lat' dir='ltr'>estant,</span> <span class='ocrx_word' id='word_1_37' title='bbox 528 1317 648 1400; x_wconf 87' lang='lat' dir='ltr'>siquis</span> <span class='ocrx_word' id='word_1_38' title='bbox 677 1316 807 1392; x_wconf 88' lang='lat' dir='ltr'>invenit,</span> <span class='ocrx_word' id='word_1_39' title='bbox 831 1317 1027 1399; x_wconf 83' lang='lat' dir='ltr'>argumentis</span> <span class='ocrx_word' id='word_1_40' title='bbox 1056 1317 1179 1382; x_wconf 87' lang='lat' dir='ltr'>idoneis</span> <span class='ocrx_word' id='word_1_41' title='bbox 1209 1341 1270 1383; x_wconf 93' lang='lat' dir='ltr'>non</span> <span class='ocrx_word' id='word_1_42' title='bbox 1295 1319 1506 1386; x_wconf 83' lang='lat' dir='ltr'>confirmavit.</span> 
     </span>
     <span class='ocr_line' id='line_1_6' title="bbox 281 1404 1507 1511; baseline 0.004 -24"><span class='ocrx_word' id='word_1_43' title='bbox 281 1424 350 1487; x_wconf 89' lang='lat' dir='ltr'>Iam</span> <span class='ocrx_word' id='word_1_44' title='bbox 373 1443 444 1487; x_wconf 90' lang='lat' dir='ltr'>cum</span> <span class='ocrx_word' id='word_1_45' title='bbox 468 1423 608 1486; x_wconf 91' lang='lat' dir='ltr'>omnium</span> <span class='ocrx_word' id='word_1_46' title='bbox 633 1423 808 1487; x_wconf 90' lang='lat' dir='ltr'>sententias</span> <span class='ocrx_word' id='word_1_47' title='bbox 831 1404 1008 1504; x_wconf 88' lang='lat' dir='ltr'>expendere</span> <span class='ocrx_word' id='word_1_48' title='bbox 1030 1424 1161 1505; x_wconf 90' lang='lat' dir='ltr'>longum</span> <span class='ocrx_word' id='word_1_49' title='bbox 1183 1425 1239 1500; x_wconf 89' lang='lat' dir='ltr'>sit,</span> <span class='ocrx_word' id='word_1_50' title='bbox 1261 1425 1425 1490; x_wconf 83' lang='lat' dir='ltr'>videamus</span> <span class='ocrx_word' id='word_1_51' title='bbox 1448 1449 1507 1511; x_wconf 92' lang='lat' dir='ltr'>po-</span> 
     </span>
     <span class='ocr_line' id='line_1_7' title="bbox 280 1527 1507 1613; baseline 0.004 -21"><span class='ocrx_word' id='word_1_52' title='bbox 280 1529 346 1592; x_wconf 89' lang='lat' dir='ltr'>tius</span> <span class='ocrx_word' id='word_1_53' title='bbox 369 1550 446 1592; x_wconf 91' lang='lat' dir='ltr'>num</span> <span class='ocrx_word' id='word_1_54' title='bbox 470 1527 659 1592; x_wconf 88' lang='lat' dir='ltr'>Naumanno</span> <span class='ocrx_word' id='word_1_55' title='bbox 682 1527 874 1611; x_wconf 84' lang='lat' dir='ltr'>adstipulari</span> <span class='ocrx_word' id='word_1_56' title='bbox 895 1528 998 1593; x_wconf 90' lang='lat' dir='ltr'>liceat.</span> <span class='ocrx_word' id='word_1_57' title='bbox 1050 1528 1111 1605; x_wconf 80' lang='lat' dir='ltr'>Qui</span> <span class='ocrx_word' id='word_1_58' title='bbox 1135 1530 1221 1613; x_wconf 89' lang='lat' dir='ltr'>quod</span> <span class='ocrx_word' id='word_1_59' title='bbox 1243 1532 1320 1595; x_wconf 92' lang='lat' dir='ltr'>tulit</span> <span class='ocrx_word' id='word_1_60' title='bbox 1340 1532 1507 1607; x_wconf 91' lang='lat' dir='ltr'>iudicium,</span> 
     </span>
     <span class='ocr_line' id='line_1_8' title="bbox 280 1634 1507 1722; baseline 0.005 -24"><span class='ocrx_word' id='word_1_61' title='bbox 280 1635 365 1700; x_wconf 90' lang='lat' dir='ltr'>inter</span> <span class='ocrx_word' id='word_1_62' title='bbox 396 1635 444 1700; x_wconf 92' lang='lat' dir='ltr'>Ol.</span> <span class='ocrx_word' id='word_1_63' title='bbox 469 1641 556 1710; x_wconf 80' lang='lat'>98,2</span> <span class='ocrx_word' id='word_1_64' title='bbox 582 1640 613 1698; x_wconf 91' lang='lat' dir='ltr'>et</span> <span class='ocrx_word' id='word_1_65' title='bbox 636 1641 654 1698; x_wconf 88' lang='lat'><strong>3</strong></span> <span class='ocrx_word' id='word_1_66' title='bbox 680 1640 759 1699; x_wconf 84' lang='lat' dir='ltr'>extr.</span> <span class='ocrx_word' id='word_1_67' title='bbox 782 1634 984 1720; x_wconf 78' lang='lat'>(387-385</span> <span class='ocrx_word' id='word_1_68' title='bbox 1008 1657 1036 1700; x_wconf 87' lang='lat' dir='ltr'>a.</span> <span class='ocrx_word' id='word_1_69' title='bbox 1061 1634 1134 1700; x_wconf 86' lang='lat' dir='ltr'>Chr.</span> <span class='ocrx_word' id='word_1_70' title='bbox 1158 1637 1204 1722; x_wconf 91' lang='lat' dir='ltr'>n.)</span> <span class='ocrx_word' id='word_1_71' title='bbox 1234 1637 1319 1702; x_wconf 92' lang='lat' dir='ltr'>hunc</span> <span class='ocrx_word' id='word_1_72' title='bbox 1347 1659 1507 1704; x_wconf 89' lang='lat' dir='ltr'>commen-</span> 
     </span>
     <span class='ocr_line' id='line_1_9' title="bbox 281 1738 1504 1825; baseline 0.004 -21"><span class='ocrx_word' id='word_1_73' title='bbox 281 1740 400 1806; x_wconf 90' lang='lat' dir='ltr'>tarium</span> <span class='ocrx_word' id='word_1_74' title='bbox 422 1746 549 1824; x_wconf 89' lang='lat' dir='ltr'>praeter</span> <span class='ocrx_word' id='word_1_75' title='bbox 573 1760 642 1822; x_wconf 88' lang='lat' dir='ltr'>cap.</span> <span class='ocrx_word' id='word_1_76' title='bbox 657 1738 735 1804; x_wconf 83' lang='lat' dir='ltr'>XIV</span> <span class='ocrx_word' id='word_1_77' title='bbox 759 1739 912 1823; x_wconf 90' lang='lat' dir='ltr'>scriptum</span> <span class='ocrx_word' id='word_1_78' title='bbox 935 1761 1012 1817; x_wconf 91' lang='lat' dir='ltr'>esse,</span> <span class='ocrx_word' id='word_1_79' title='bbox 1029 1739 1198 1822; x_wconf 85' lang='lat' dir='ltr'>diligenter</span> <span class='ocrx_word' id='word_1_80' title='bbox 1214 1742 1340 1825; x_wconf 89' lang='lat' dir='ltr'>quidem</span> <span class='ocrx_word' id='word_1_81' title='bbox 1357 1744 1504 1809; x_wconf 90' lang='lat' dir='ltr'>stabilire</span> 
     </span>
     <span class='ocr_line' id='line_1_10' title="bbox 197 1845 1506 1934; baseline 0.004 -23"><span class='ocrx_word' id='word_1_82' title='bbox 197 1893 200 1901; x_wconf 24' lang='grc' dir='ltr'><strong><em>Δ</em></strong></span> <span class='ocrx_word' id='word_1_83' title='bbox 281 1846 413 1923; x_wconf 86' lang='lat' dir='ltr'>studuit,</span> <span class='ocrx_word' id='word_1_84' title='bbox 424 1847 450 1932; x_wconf 84' lang='lat'>1)</span> <span class='ocrx_word' id='word_1_85' title='bbox 474 1845 530 1910; x_wconf 89' lang='lat' dir='ltr'>sed</span> <span class='ocrx_word' id='word_1_86' title='bbox 552 1845 633 1910; x_wconf 91' lang='lat' dir='ltr'>illud</span> <span class='ocrx_word' id='word_1_87' title='bbox 656 1845 839 1929; x_wconf 86' lang='lat' dir='ltr'>ipsumque</span> <span class='ocrx_word' id='word_1_88' title='bbox 861 1846 997 1915; x_wconf 85' lang='lat' dir='ltr'>maxime</span> <span class='ocrx_word' id='word_1_89' title='bbox 1019 1846 1133 1911; x_wconf 89' lang='lat' dir='ltr'>nititur</span> <span class='ocrx_word' id='word_1_90' title='bbox 1153 1856 1373 1930; x_wconf 84' lang='lat' dir='ltr'>argumentum</span> <span class='ocrx_word' id='word_1_91' title='bbox 1389 1872 1506 1934; x_wconf 89' lang='lat' dir='ltr'>parum</span> 
     </span>
     <span class='ocr_line' id='line_1_11' title="bbox 281 1942 1505 2043; baseline 0.003 -26"><span class='ocrx_word' id='word_1_92' title='bbox 281 1953 406 2018; x_wconf 90' lang='lat' dir='ltr'>videtur</span> <span class='ocrx_word' id='word_1_93' title='bbox 432 1951 560 2016; x_wconf 91' lang='lat' dir='ltr'>firmum</span> <span class='ocrx_word' id='word_1_94' title='bbox 585 1971 661 2018; x_wconf 86' lang='lat' dir='ltr'>esse.</span> <span class='ocrx_word' id='word_1_95' title='bbox 711 1952 809 2016; x_wconf 88' lang='lat' dir='ltr'>Putat</span> <span class='ocrx_word' id='word_1_96' title='bbox 831 1953 915 2015; x_wconf 91' lang='lat' dir='ltr'>enim</span> <span class='ocrx_word' id='word_1_97' title='bbox 945 1951 1058 2017; x_wconf 90' lang='lat' dir='ltr'>Vllll</span> <span class='ocrx_word' id='word_1_98' title='bbox 1084 1953 1187 2017; x_wconf 90' lang='lat' dir='ltr'>verbis</span> <span class='ocrx_word' id='word_1_99' title='bbox 1216 1942 1298 2040; x_wconf 76' lang='grc' dir='ltr'><em>ὅπερ</em></span> <span class='ocrx_word' id='word_1_100' title='bbox 1328 1953 1385 2018; x_wconf 81' lang='grc' dir='ltr'>καὶ</span> <span class='ocrx_word' id='word_1_101' title='bbox 1415 1954 1505 2043; x_wconf 76' lang='grc' dir='ltr'><em>γεγέ-</em></span> 
     </span>
     <span class='ocr_line' id='line_1_12' title="bbox 281 2045 1505 2147; baseline 0.006 -25"><span class='ocrx_word' id='word_1_102' title='bbox 281 2045 373 2145; x_wconf 71' lang='grc' dir='ltr'><em>νησαι</em></span> <span class='ocrx_word' id='word_1_103' title='bbox 404 2057 578 2140; x_wconf 88' lang='lat' dir='ltr'>significari</span> <span class='ocrx_word' id='word_1_104' title='bbox 610 2057 752 2139; x_wconf 85' lang='lat' dir='ltr'>Agesilai</span> <span class='ocrx_word' id='word_1_105' title='bbox 782 2058 912 2141; x_wconf 85' lang='lat' dir='ltr'>eiusque</span> <span class='ocrx_word' id='word_1_106' title='bbox 941 2059 1077 2122; x_wconf 89' lang='lat' dir='ltr'>militum</span> <span class='ocrx_word' id='word_1_107' title='bbox 1106 2059 1354 2137; x_wconf 86' lang='lat' dir='ltr'>oboedientiam,</span> <span class='ocrx_word' id='word_1_108' title='bbox 1385 2063 1505 2147; x_wconf 91' lang='lat' dir='ltr'>quippe</span> 
     </span>
     <span class='ocr_line' id='line_1_13' title="bbox 282 2163 1504 2251; baseline 0.006 -24"><span class='ocrx_word' id='word_1_109' title='bbox 282 2164 338 2247; x_wconf 93' lang='lat' dir='ltr'>qui</span> <span class='ocrx_word' id='word_1_110' title='bbox 366 2185 394 2228; x_wconf 93' lang='lat' dir='ltr'>a.</span> <span class='ocrx_word' id='word_1_111' title='bbox 419 2172 483 2229; x_wconf 84' lang='lat'>394</span> <span class='ocrx_word' id='word_1_112' title='bbox 517 2164 707 2251; x_wconf 81' lang='lat' dir='ltr'>ephororum</span> <span class='ocrx_word' id='word_1_113' title='bbox 736 2163 856 2227; x_wconf 89' lang='lat' dir='ltr'>iussum</span> <span class='ocrx_word' id='word_1_114' title='bbox 887 2163 984 2228; x_wconf 86' lang='lat' dir='ltr'>secut&#39;</span> <span class='ocrx_word' id='word_1_115' title='bbox 1021 2165 1128 2229; x_wconf 88' lang='lat' dir='ltr'>statim</span> <span class='ocrx_word' id='word_1_116' title='bbox 1157 2187 1196 2230; x_wconf 86' lang='lat' dir='ltr'>ex</span> <span class='ocrx_word' id='word_1_117' title='bbox 1224 2166 1301 2230; x_wconf 89' lang='lat' dir='ltr'>Asia</span> <span class='ocrx_word' id='word_1_118' title='bbox 1333 2168 1504 2246; x_wconf 84' lang='lat' dir='ltr'>redierint3</span> 
     </span>
     <span class='ocr_line' id='line_1_14' title="bbox 281 2268 1504 2354; baseline 0.005 -21"><span class='ocrx_word' id='word_1_119' title='bbox 281 2269 416 2351; x_wconf 90' lang='lat' dir='ltr'>ideoque</span> <span class='ocrx_word' id='word_1_120' title='bbox 444 2275 518 2333; x_wconf 85' lang='lat' dir='ltr'>ante</span> <span class='ocrx_word' id='word_1_121' title='bbox 547 2291 575 2333; x_wconf 91' lang='lat' dir='ltr'>a.</span> <span class='ocrx_word' id='word_1_122' title='bbox 600 2276 663 2334; x_wconf 83' lang='lat'>394</span> <span class='ocrx_word' id='word_1_123' title='bbox 695 2290 759 2332; x_wconf 90' lang='lat' dir='ltr'>non</span> <span class='ocrx_word' id='word_1_124' title='bbox 788 2290 880 2352; x_wconf 92' lang='lat' dir='ltr'>posse</span> <span class='ocrx_word' id='word_1_125' title='bbox 908 2268 1051 2334; x_wconf 91' lang='lat' dir='ltr'>libellum</span> <span class='ocrx_word' id='word_1_126' title='bbox 1078 2272 1292 2354; x_wconf 88' lang='lat' dir='ltr'>conscriptum</span> <span class='ocrx_word' id='word_1_127' title='bbox 1321 2293 1388 2337; x_wconf 90' lang='lat' dir='ltr'>esse</span> <span class='ocrx_word' id='word_1_128' title='bbox 1418 2275 1504 2339; x_wconf 89' lang='lat' dir='ltr'>arbi-</span> 
     </span>
     <span class='ocr_line' id='line_1_15' title="bbox 281 2374 1503 2458; baseline 0.005 -19"><span class='ocrx_word' id='word_1_129' title='bbox 281 2380 394 2439; x_wconf 86' lang='lat' dir='ltr'>tratur.</span> <span class='ocrx_word' id='word_1_130' title='bbox 441 2376 484 2440; x_wconf 81' lang='lat' dir='ltr'>At</span> <span class='ocrx_word' id='word_1_131' title='bbox 513 2396 608 2458; x_wconf 91' lang='lat' dir='ltr'>quam</span> <span class='ocrx_word' id='word_1_132' title='bbox 636 2375 731 2439; x_wconf 84' lang='lat' dir='ltr'>vellet</span> <span class='ocrx_word' id='word_1_133' title='bbox 761 2374 816 2438; x_wconf 91' lang='lat' dir='ltr'>ille</span> <span class='ocrx_word' id='word_1_134' title='bbox 846 2374 1111 2457; x_wconf 87' lang='lat' dir='ltr'>significationem</span> <span class='ocrx_word' id='word_1_135' title='bbox 1145 2398 1179 2441; x_wconf 94' lang='lat' dir='ltr'>re</span> <span class='ocrx_word' id='word_1_136' title='bbox 1208 2399 1282 2443; x_wconf 85' lang='lat' dir='ltr'>vera</span> <span class='ocrx_word' id='word_1_137' title='bbox 1315 2379 1366 2444; x_wconf 90' lang='lat' dir='ltr'>his</span> <span class='ocrx_word' id='word_1_138' title='bbox 1399 2381 1503 2445; x_wconf 84' lang='lat' dir='ltr'>verbis</span> 
     </span>
     <span class='ocr_line' id='line_1_16' title="bbox 282 2481 1500 2568; baseline 0.003 -23"><span class='ocrx_word' id='word_1_139' title='bbox 282 2503 346 2546; x_wconf 91' lang='lat' dir='ltr'>non</span> <span class='ocrx_word' id='word_1_140' title='bbox 375 2481 477 2558; x_wconf 85' lang='lat' dir='ltr'>inesse</span> <span class='ocrx_word' id='word_1_141' title='bbox 505 2502 602 2563; x_wconf 84' lang='lat' dir='ltr'>supra</span> <span class='ocrx_word' id='word_1_142' title='bbox 631 2481 836 2546; x_wconf 88' lang='lat' dir='ltr'>ostendimus.</span> <span class='ocrx_word' id='word_1_143' title='bbox 849 2481 875 2566; x_wconf 73' lang='lat'>²)</span> <span class='ocrx_word' id='word_1_144' title='bbox 932 2482 1037 2564; x_wconf 86' lang='lat' dir='ltr'>Atque</span> <span class='ocrx_word' id='word_1_145' title='bbox 1067 2489 1141 2548; x_wconf 88' lang='lat' dir='ltr'>ante</span> <span class='ocrx_word' id='word_1_146' title='bbox 1170 2504 1198 2547; x_wconf 87' lang='lat' dir='ltr'>a.</span> <span class='ocrx_word' id='word_1_147' title='bbox 1223 2491 1286 2548; x_wconf 87' lang='lat'>394</span> <span class='ocrx_word' id='word_1_148' title='bbox 1317 2485 1500 2568; x_wconf 89' lang='lat' dir='ltr'>opusculum</span> 
     </span>
     <span class='ocr_line' id='line_1_17' title="bbox 282 2583 1497 2671; baseline 0.001 -20"><span class='ocrx_word' id='word_1_149' title='bbox 282 2589 491 2671; x_wconf 89' lang='lat' dir='ltr'>compositum</span> <span class='ocrx_word' id='word_1_150' title='bbox 521 2592 647 2653; x_wconf 90' lang='lat' dir='ltr'>esseut</span> <span class='ocrx_word' id='word_1_151' title='bbox 671 2583 752 2651; x_wconf 93' lang='lat' dir='ltr'>nihil</span> <span class='ocrx_word' id='word_1_152' title='bbox 776 2593 823 2652; x_wconf 90' lang='lat' dir='ltr'>est</span> <span class='ocrx_word' id='word_1_153' title='bbox 846 2608 959 2652; x_wconf 87' lang='lat' dir='ltr'>causae</span> <span class='ocrx_word' id='word_1_154' title='bbox 987 2609 1043 2651; x_wconf 91' lang='lat' dir='ltr'>cur</span> <span class='ocrx_word' id='word_1_155' title='bbox 1065 2608 1230 2671; x_wconf 84' lang='lat' dir='ltr'>negemus,</span> <span class='ocrx_word' id='word_1_156' title='bbox 1259 2589 1306 2655; x_wconf 89' lang='lat' dir='ltr'>ita</span> <span class='ocrx_word' id='word_1_157' title='bbox 1329 2612 1390 2656; x_wconf 91' lang='lat' dir='ltr'>non</span> <span class='ocrx_word' id='word_1_158' title='bbox 1412 2591 1497 2654; x_wconf 90' lang='lat' dir='ltr'>deest</span> 
     </span>
    </p>
   </div>
   <div class='ocr_carea' id='block_1_2' title="bbox 175 2686 1493 2776">
    <p class='ocr_par' dir='ltr' id='par_1_2' title="bbox 175 2686 1493 2776">
     <span class='ocr_line' id='line_1_18' title="bbox 175 2686 1493 2776; baseline 0.001 -19"><span class='ocrx_word' id='word_1_159' title='bbox 175 2689 179 2694; x_wconf 72' lang='grc'><strong>’</strong></span> <span class='ocrx_word' id='word_1_160' title='bbox 284 2715 347 2776; x_wconf 92' lang='lat' dir='ltr'>quo</span> <span class='ocrx_word' id='word_1_161' title='bbox 382 2692 595 2758; x_wconf 90' lang='lat' dir='ltr'>commendari</span> <span class='ocrx_word' id='word_1_162' title='bbox 630 2692 787 2759; x_wconf 85' lang='lat' dir='ltr'>videatur.</span> <span class='ocrx_word' id='word_1_163' title='bbox 843 2691 1016 2758; x_wconf 85' lang='lat' dir='ltr'>Contendit</span> <span class='ocrx_word' id='word_1_164' title='bbox 1049 2694 1131 2758; x_wconf 89' lang='lat' dir='ltr'>enirn</span> <span class='ocrx_word' id='word_1_165' title='bbox 1160 2686 1398 2776; x_wconf 73' lang='lat' dir='ltr'>Naumannus3)</span> <span class='ocrx_word' id='word_1_166' title='bbox 1430 2694 1493 2758; x_wconf 87' lang='lat' dir='ltr'>suis</span> 
     </span>
    </p>
   </div>
   <div class='ocr_carea' id='block_1_3' title="bbox 280 2785 1511 3942">
    <p class='ocr_par' dir='ltr' id='par_1_3' title="bbox 280 2785 1511 3942">
     <span class='ocr_line' id='line_1_19' title="bbox 283 2785 1499 2884; baseline -0.001 -20"><span class='ocrx_word' id='word_1_167' title='bbox 283 2799 381 2864; x_wconf 89' lang='lat' dir='ltr'>oculis</span> <span class='ocrx_word' id='word_1_168' title='bbox 406 2799 590 2882; x_wconf 80' lang='lat' dir='ltr'>scriptorem</span> <span class='ocrx_word' id='word_1_169' title='bbox 613 2803 784 2880; x_wconf 89' lang='lat' dir='ltr'>antequam</span> <span class='ocrx_word' id='word_1_170' title='bbox 807 2798 949 2862; x_wconf 88' lang='lat' dir='ltr'>libellum</span> <span class='ocrx_word' id='word_1_171' title='bbox 980 2808 1181 2882; x_wconf 88' lang='lat' dir='ltr'>componeret</span> <span class='ocrx_word' id='word_1_172' title='bbox 1206 2785 1308 2867; x_wconf 88' lang='lat' dir='ltr'>mores</span> <span class='ocrx_word' id='word_1_173' title='bbox 1331 2801 1499 2884; x_wconf 83' lang='lat' dir='ltr'>Spartano-</span> 
     </span>
     <span class='ocr_line' id='line_1_20' title="bbox 280 2902 1503 2988; baseline 0.001 -20"><span class='ocrx_word' id='word_1_174' title='bbox 280 2926 353 2969; x_wconf 92' lang='lat' dir='ltr'>rum</span> <span class='ocrx_word' id='word_1_175' title='bbox 374 2904 446 2988; x_wconf 89' lang='lat' dir='ltr'>ipsa</span> <span class='ocrx_word' id='word_1_176' title='bbox 468 2904 502 2967; x_wconf 92' lang='lat' dir='ltr'>in</span> <span class='ocrx_word' id='word_1_177' title='bbox 525 2904 604 2969; x_wconf 90' lang='lat' dir='ltr'>urbe</span> <span class='ocrx_word' id='word_1_178' title='bbox 627 2902 751 2969; x_wconf 85' lang='lat' dir='ltr'>vidisse.</span> <span class='ocrx_word' id='word_1_179' title='bbox 788 2902 880 2979; x_wconf 84' lang='lat' dir='ltr'>Quod</span> <span class='ocrx_word' id='word_1_180' title='bbox 902 2925 941 2968; x_wconf 84' lang='lat' dir='ltr'>cx</span> <span class='ocrx_word' id='word_1_181' title='bbox 963 2905 1125 2970; x_wconf 90' lang='lat' dir='ltr'>nonnullis</span> <span class='ocrx_word' id='word_1_182' title='bbox 1146 2906 1223 2971; x_wconf 88' lang='lat' dir='ltr'>locis</span> <span class='ocrx_word' id='word_1_183' title='bbox 1245 2908 1301 2972; x_wconf 91' lang='lat' dir='ltr'>ubi</span> <span class='ocrx_word' id='word_1_184' title='bbox 1325 2905 1503 2972; x_wconf 88' lang='lat' dir='ltr'>accuratior</span> 
     </span>
     <span class='ocr_line' id='line_1_21' title="bbox 282 3009 1504 3095; baseline 0.001 -20"><span class='ocrx_word' id='word_1_185' title='bbox 282 3010 438 3094; x_wconf 89' lang='lat' dir='ltr'>quaedam</span> <span class='ocrx_word' id='word_1_186' title='bbox 469 3031 578 3074; x_wconf 89' lang='lat' dir='ltr'>eorum</span> <span class='ocrx_word' id='word_1_187' title='bbox 612 3009 782 3093; x_wconf 89' lang='lat' dir='ltr'>descriptio</span> <span class='ocrx_word' id='word_1_188' title='bbox 814 3010 994 3074; x_wconf 85' lang='lat' dir='ltr'>inveniatur</span> <span class='ocrx_word' id='word_1_189' title='bbox 1028 3033 1183 3095; x_wconf 87' lang='lat' dir='ltr'>apparere</span> <span class='ocrx_word' id='word_1_190' title='bbox 1217 3013 1386 3080; x_wconf 86' lang='lat' dir='ltr'>existimat.</span> <span class='ocrx_word' id='word_1_191' title='bbox 1444 3013 1504 3078; x_wconf 88' lang='lat' dir='ltr'>Sed</span> 
     </span>
     <span class='ocr_line' id='line_1_22' title="bbox 282 3103 1505 3204; baseline 0.003 -25"><span class='ocrx_word' id='word_1_192' title='bbox 282 3103 364 3198; x_wconf 85' lang='lat' dir='ltr'>quae</span> <span class='ocrx_word' id='word_1_193' title='bbox 385 3117 435 3180; x_wconf 85' lang='lat'>19</span> <span class='ocrx_word' id='word_1_194' title='bbox 460 3115 609 3197; x_wconf 90' lang='lat' dir='ltr'>leguntur</span> <span class='ocrx_word' id='word_1_195' title='bbox 630 3115 726 3180; x_wconf 86' lang='lat' dir='ltr'>verba</span> <span class='ocrx_word' id='word_1_196' title='bbox 749 3113 806 3180; x_wconf 75' lang='lat' dir='ltr'>aori</span> <span class='ocrx_word' id='word_1_197' title='bbox 829 3107 937 3180; x_wconf 80' lang='grc' dir='ltr'><em>πολλὰ</em></span> <span class='ocrx_word' id='word_1_198' title='bbox 958 3113 1018 3198; x_wconf 81' lang='grc' dir='ltr'>μὲν</span> <span class='ocrx_word' id='word_1_199' title='bbox 1039 3115 1173 3182; x_wconf 77' lang='grc' dir='ltr'><em>τοιαῦτα</em></span> <span class='ocrx_word' id='word_1_200' title='bbox 1195 3110 1379 3204; x_wconf 81' lang='grc' dir='ltr'><em>συνεχώρει·</em></span> <span class='ocrx_word' id='word_1_201' title='bbox 1414 3119 1451 3183; x_wconf 78' lang='grc' dir='ltr'>αἳ</span> <span class='ocrx_word' id='word_1_202' title='bbox 1470 3141 1505 3182; x_wconf 80' lang='grc' dir='ltr'>σε</span> 
     </span>
     <span class='ocr_line' id='line_1_23' title="bbox 282 3212 1508 3312; baseline 0.004 -28"><span class='ocrx_word' id='word_1_203' title='bbox 282 3213 341 3307; x_wconf 77' lang='grc' dir='ltr'>γὰρ</span> <span class='ocrx_word' id='word_1_204' title='bbox 374 3225 518 3306; x_wconf 78' lang='grc' dir='ltr'><em>γυναῖκες</em></span> <span class='ocrx_word' id='word_1_205' title='bbox 551 3213 679 3299; x_wconf 78' lang='grc' dir='ltr'><em>διττοὺς</em></span> <span class='ocrx_word' id='word_1_206' title='bbox 714 3215 822 3300; x_wconf 76' lang='grc' dir='ltr'><em>οἴκους</em></span> <span class='ocrx_word' id='word_1_207' title='bbox 855 3213 1026 3306; x_wconf 71' lang='grc' dir='ltr'><em>βούλονται</em></span> <span class='ocrx_word' id='word_1_208' title='bbox 1058 3221 1220 3306; x_wconf 78' lang='grc' dir='ltr'><em>κατέχειν,</em></span> <span class='ocrx_word' id='word_1_209' title='bbox 1261 3224 1296 3289; x_wconf 81' lang='grc' dir='ltr'>οἵ</span> <span class='ocrx_word' id='word_1_210' title='bbox 1325 3247 1361 3289; x_wconf 86' lang='grc' dir='ltr'>ιε</span> <span class='ocrx_word' id='word_1_211' title='bbox 1394 3212 1508 3312; x_wconf 60' lang='grc' dir='ltr'><em>ἄνδρες</em></span> 
     </span>
     <span class='ocr_line' id='line_1_24' title="bbox 281 3315 1507 3418; baseline 0.004 -27"><span class='ocrx_word' id='word_1_212' title='bbox 281 3315 440 3415; x_wconf 72' lang='grc' dir='ltr'><em>ἀδελφοὺς</em></span> <span class='ocrx_word' id='word_1_213' title='bbox 468 3331 538 3405; x_wconf 83' lang='grc' dir='ltr'><em>τοῖς</em></span> <span class='ocrx_word' id='word_1_214' title='bbox 568 3325 668 3391; x_wconf 78' lang='grc' dir='ltr'><em>παισὶ</em></span> <span class='ocrx_word' id='word_1_215' title='bbox 696 3319 967 3413; x_wconf 78' lang='grc' dir='ltr'><em>προσλαμβάνειν,</em></span> <span class='ocrx_word' id='word_1_216' title='bbox 999 3323 1034 3393; x_wconf 79' lang='grc' dir='ltr'>οἳ</span> <span class='ocrx_word' id='word_1_217' title='bbox 1060 3325 1198 3412; x_wconf 73' lang='grc' dir='ltr'><em>τοῦμὲν</em></span> <span class='ocrx_word' id='word_1_218' title='bbox 1229 3327 1338 3416; x_wconf 74' lang='grc' dir='ltr'><em>γένους</em></span> <span class='ocrx_word' id='word_1_219' title='bbox 1365 3329 1422 3395; x_wconf 82' lang='lat' dir='ltr'>aori</span> <span class='ocrx_word' id='word_1_220' title='bbox 1449 3329 1507 3418; x_wconf 78' lang='grc' dir='ltr'>τῆς</span> 
     </span>
     <span class='ocr_line' id='line_1_25' title="bbox 281 3422 1508 3522; baseline 0.004 -26"><span class='ocrx_word' id='word_1_221' title='bbox 281 3423 445 3515; x_wconf 78' lang='grc' dir='ltr'><em>δυνάμεως</em></span> <span class='ocrx_word' id='word_1_222' title='bbox 475 3429 673 3513; x_wconf 74' lang='grc' dir='ltr'><em>κοινωνοῦσι,</em></span> <span class='ocrx_word' id='word_1_223' title='bbox 703 3429 768 3497; x_wconf 79' lang='grc' dir='ltr'>τῶν</span> <span class='ocrx_word' id='word_1_224' title='bbox 798 3431 835 3498; x_wconf 82' lang='grc' dir='ltr'>δὲ</span> <span class='ocrx_word' id='word_1_225' title='bbox 863 3426 1032 3522; x_wconf 79' lang='grc' dir='ltr'><em>χρημάτων</em></span> <span class='ocrx_word' id='word_1_226' title='bbox 1060 3422 1117 3499; x_wconf 74' lang='grc' dir='ltr'><em>οὖν.</em></span> <span class='ocrx_word' id='word_1_227' title='bbox 1147 3423 1393 3500; x_wconf 69' lang='grc' dir='ltr'><em>ἀντιποιοῦνται</em></span> <span class='ocrx_word' id='word_1_228' title='bbox 1421 3437 1508 3502; x_wconf 89' lang='lat' dir='ltr'>nihil</span> 
     </span>
     <span class='ocr_line' id='line_1_26' title="bbox 281 3538 1508 3626; baseline 0.007 -24"><span class='ocrx_word' id='word_1_229' title='bbox 281 3539 386 3604; x_wconf 88' lang='lat' dir='ltr'>valere</span> <span class='ocrx_word' id='word_1_230' title='bbox 422 3539 465 3604; x_wconf 91' lang='lat' dir='ltr'>ad</span> <span class='ocrx_word' id='word_1_231' title='bbox 501 3538 693 3605; x_wconf 85' lang='lat' dir='ltr'>fulciendam</span> <span class='ocrx_word' id='word_1_232' title='bbox 726 3539 909 3604; x_wconf 88' lang='lat' dir='ltr'>Naumannl</span> <span class='ocrx_word' id='word_1_233' title='bbox 947 3541 1137 3606; x_wconf 89' lang='lat' dir='ltr'>sententiam</span> <span class='ocrx_word' id='word_1_234' title='bbox 1174 3541 1267 3607; x_wconf 88' lang='lat' dir='ltr'>facile</span> <span class='ocrx_word' id='word_1_235' title='bbox 1303 3543 1508 3626; x_wconf 87' lang='lat' dir='ltr'>perspicitur.</span> 
     </span>
     <span class='ocr_line' id='line_1_27' title="bbox 280 3644 1510 3733; baseline 0.003 -24"><span class='ocrx_word' id='word_1_236' title='bbox 280 3644 363 3709; x_wconf 89' lang='lat' dir='ltr'>Nam</span> <span class='ocrx_word' id='word_1_237' title='bbox 379 3644 491 3728; x_wconf 90' lang='lat' dir='ltr'>quidni</span> <span class='ocrx_word' id='word_1_238' title='bbox 515 3645 651 3729; x_wconf 88' lang='lat' dir='ltr'>scriptor</span> <span class='ocrx_word' id='word_1_239' title='bbox 674 3665 756 3730; x_wconf 91' lang='lat' dir='ltr'>quae</span> <span class='ocrx_word' id='word_1_240' title='bbox 779 3653 873 3711; x_wconf 89' lang='lat' dir='ltr'>antea</span> <span class='ocrx_word' id='word_1_241' title='bbox 896 3647 1044 3733; x_wconf 83' lang='lat'>(15-9)</span> <span class='ocrx_word' id='word_1_242' title='bbox 1067 3648 1211 3712; x_wconf 84' lang='lat' dir='ltr'>narravit</span> <span class='ocrx_word' id='word_1_243' title='bbox 1234 3670 1271 3712; x_wconf 86' lang='lat' dir='ltr'>ex</span> <span class='ocrx_word' id='word_1_244' title='bbox 1295 3648 1368 3713; x_wconf 89' lang='lat' dir='ltr'>aliis</span> <span class='ocrx_word' id='word_1_245' title='bbox 1392 3648 1510 3714; x_wconf 90' lang='lat' dir='ltr'>audire</span> 
     </span>
     <span class='ocr_line' id='line_1_28' title="bbox 280 3747 1511 3841; baseline 0.005 -27"><span class='ocrx_word' id='word_1_246' title='bbox 280 3751 421 3834; x_wconf 90' lang='lat' dir='ltr'>potuerit</span> <span class='ocrx_word' id='word_1_247' title='bbox 443 3772 507 3815; x_wconf 91' lang='lat' dir='ltr'>non</span> <span class='ocrx_word' id='word_1_248' title='bbox 530 3751 680 3816; x_wconf 82' lang='lat' dir='ltr'>videmus</span> <span class='ocrx_word' id='word_1_249' title='bbox 725 3751 835 3836; x_wconf 91' lang='lat' dir='ltr'>Neque</span> <span class='ocrx_word' id='word_1_250' title='bbox 858 3752 989 3817; x_wconf 92' lang='lat' dir='ltr'>dubium</span> <span class='ocrx_word' id='word_1_251' title='bbox 1018 3759 1067 3818; x_wconf 89' lang='lat' dir='ltr'>est</span> <span class='ocrx_word' id='word_1_252' title='bbox 1095 3753 1174 3836; x_wconf 91' lang='lat' dir='ltr'>quin</span> <span class='ocrx_word' id='word_1_253' title='bbox 1195 3753 1291 3818; x_wconf 88' lang='lat' dir='ltr'>verba</span> <span class='ocrx_word' id='word_1_254' title='bbox 1322 3754 1359 3818; x_wconf 78' lang='grc' dir='ltr'>αἵ</span> <span class='ocrx_word' id='word_1_255' title='bbox 1387 3777 1422 3818; x_wconf 83' lang='grc' dir='ltr'>τε</span> <span class='ocrx_word' id='word_1_256' title='bbox 1444 3747 1511 3841; x_wconf 76' lang='grc' dir='ltr'>γὰρ</span> 
     </span>
     <span class='ocr_line' id='line_1_29' title="bbox 280 3855 1510 3942; baseline 0.006 -23"><span class='ocrx_word' id='word_1_257' title='bbox 280 3879 311 3919; x_wconf 82' lang='lat' dir='ltr'>a.</span> <span class='ocrx_word' id='word_1_258' title='bbox 335 3879 363 3920; x_wconf 83' lang='grc' dir='ltr'>ι.</span> <span class='ocrx_word' id='word_1_259' title='bbox 387 3855 415 3920; x_wconf 82' lang='grc' dir='ltr'>λ.</span> <span class='ocrx_word' id='word_1_260' title='bbox 448 3857 587 3923; x_wconf 89' lang='lat' dir='ltr'>eiusdem</span> <span class='ocrx_word' id='word_1_261' title='bbox 618 3857 772 3923; x_wconf 90' lang='lat' dir='ltr'>iudicium</span> <span class='ocrx_word' id='word_1_262' title='bbox 806 3859 989 3924; x_wconf 87' lang='lat' dir='ltr'>contineant</span> <span class='ocrx_word' id='word_1_263' title='bbox 1018 3881 1082 3942; x_wconf 92' lang='lat' dir='ltr'>qna</span> <span class='ocrx_word' id='word_1_264' title='bbox 1112 3860 1237 3924; x_wconf 87' lang='lat' dir='ltr'>ratione</span> <span class='ocrx_word' id='word_1_265' title='bbox 1271 3881 1372 3926; x_wconf 90' lang='lat' dir='ltr'>mores</span> <span class='ocrx_word' id='word_1_266' title='bbox 1408 3869 1510 3926; x_wconf 87' lang='lat' dir='ltr'>antea</span> 
     </span>
    </p>
   </div>
   <div class='ocr_carea' id='block_1_4' title="bbox 370 4105 647 4351">
    <p class='ocr_par' dir='ltr' id='par_1_4' title="bbox 370 4105 647 4351">
     <span class='ocr_line' id='line_1_30' title="bbox 372 4105 647 4174; baseline 0.011 -18"><span class='ocrx_word' id='word_1_267' title='bbox 372 4105 647 4174; x_wconf 54' lang='lat' dir='ltr'>hhcpfflmq</span> 
     </span>
     <span class='ocr_line' id='line_1_31' title="bbox 372 4192 638 4262; baseline 0.011 -18"><span class='ocrx_word' id='word_1_268' title='bbox 372 4192 638 4262; x_wconf 57' lang='lat' dir='ltr'>qumeq</span> 
     </span>
     <span class='ocr_line' id='line_1_32' title="bbox 370 4279 612 4351; baseline 0.012 -18"><span class='ocrx_word' id='word_1_269' title='bbox 370 4279 612 4351; x_wconf 57' lang='lat' dir='ltr'>hhoptm</span> 
     </span>
    </p>
   </div>
   <div class='ocr_carea' id='block_1_5' title="bbox 0 0 1622 4894">
    <p class='ocr_par' dir='ltr' id='par_1_5' title="bbox 0 0 1622 4894">
     <span class='ocr_line' id='line_1_33' title="bbox 0 0 1622 4894; baseline 0 0"><span class='ocrx_word' id='word_1_270' title='bbox 0 0 1622 4894; x_wconf 95' lang='lat' dir='ltr'> </span> 
     </span>
    </p>
   </div>
  </div>
 </body>
</html>
