3236 4894
741 226 779 283 51

147 434 422 505 commemoratos,
446 429 502 512 qui
525 429 587 513 ipsi
609 430 743 495 fortasse
765 430 837 494 miri
861 452 928 495 esse
951 431 1157 504 videbantur,
1187 430 1248 495 sibi
1271 430 1372 512 expli-

148 536 277 601 caverit.
330 534 396 599 Nec
418 536 520 617 magis
542 536 658 618 reliqui
681 558 760 619 quos
783 536 876 602 affert
899 536 1107 601 Naumannus
1130 537 1190 600 loci
1214 536 1370 600 eiusmodi

151 649 228 706 suut
257 650 293 706 ut
322 643 455 724 Spartae
485 642 670 724 scriptorem
698 650 793 707 antea
822 643 920 707 fuisse
947 642 1021 707 inde
1049 641 1234 708 concludere
1261 642 1372 724 possis.

73 723 85 740 ⁶
151 749 233 812 Nam
250 769 332 830 quae
348 748 482 827 legimus
498 746 545 811 Ill
564 754 581 811 5
605 745 661 810 καί
685 739 820 812 ἐπειδὰν
839 743 886 826 είς
907 739 945 812 τὸ
962 739 1107 836 φιδίτιόν
1128 771 1162 832 γε
1177 735 1370 830 ἀφίκωνται,

148 841 320 978 ἀγαπητὸν
340 840 444 916 αίτῶν
466 852 522 917 καί
544 844 582 916 τὸ
606 850 770 940 ἐρωτηθὲν
792 842 938 931 ἀκοῦσαι,
962 855 1008 919 IV
1027 863 1044 918 6
1068 841 1189 940 ἀνάγκη
1212 840 1241 916 d
1265 845 1374 974 αητοῖς

151 959 208 1022 καί
232 947 392 1038 εὐεξίας
377 982 447 1041 erup
449 958 627 1023 ιελεῖσθαι
657 958 714 1023 καί
737 951 796 1045 γὰρ
818 949 1013 1024 πυκτεύουσι
1040 950 1096 1023 διὰ
1117 950 1174 1046 τὴν
1201 955 1267 1044 ἔριν
1290 947 1374 1023 ὅποι·

149 1054 192 1129 ἀν
215 1056 422 1148 συμβάλωσι·
448 1057 588 1129 διαλύειν
615 1063 726 1148 μέντοι
754 1057 829 1142 τοὺς
857 1063 1057 1148 μαχομένοις
1085 1062 1154 1142 πᾶς
1183 1054 1200 1128 5
1230 1087 1373 1150 παραγε-

150 1163 187 1236 νὸ
187 1194 282 1254 μενος
304 1162 421 1257 κύριος.
445 1158 483 1256 ἢν
503 1169 540 1235 δέ
561 1194 613 1248 τις
635 1159 764 1258 ἀπειθῇ
786 1195 833 1258 τω
818 1159 1060 1251 Marullum,
1046 1156 1118 1256 ἀγει
1141 1157 1236 1234 αυτὸν
1259 1161 1374 1234 ὃπαι-

151 1269 290 1360 δονὸμος
323 1274 382 1340 ἐπί
410 1268 484 1354 τοὺς
519 1267 670 1365 ἐφόροις·
707 1272 736 1340 ui
772 1274 809 1340 δὲ
842 1275 989 1364 ζημιοῦσι
1022 1273 1199 1361 μεγαλείως
1228 1299 1257 1340 κ.
1281 1300 1309 1340 τ.
1334 1276 1373 1352 λ,

152 1383 233 1448 lxo
266 1373 329 1468 ἐγὼ
351 1379 411 1465 μὲν
435 1375 475 1470 δὴ
497 1374 647 1470 τοιαίπης
668 1386 738 1460 τοῖς
760 1386 876 1460 κακοῖς
895 1371 1029 1506 ἀτιμίας
1053 1379 1261 1470 ἐπικειμένης
1284 1370 1376 1447 οὐδὲν

151 1480 313 1572 θαυμάζω
342 1479 381 1551 τὸ
408 1491 646 1575 προαιρεῖσθαι
676 1510 743 1553 εκει
772 1480 917 1552 θάνατον
943 1475 1014 1551 ἀντί
1043 1485 1100 1552 τοῦ
1130 1477 1230 1566 οίίτως
1258 1476 1376 1570 ἀτίμου

150 1618 187 1659 τε
217 1596 274 1658 καί
305 1590 529 1659 ἐπονειδίστου
558 1589 646 1677 βίον,
684 1594 786 1680 alia1)
820 1595 948 1660 minime
982 1594 1197 1678 postulantu
1176 1595 1376 1677 utseriptor

153 1701 361 1766 haecomnia
389 1701 457 1783 ipsa
480 1700 717 1765 Lacedaemone
747 1701 871 1766 viderit.
923 1700 1034 1764 Nonne
1064 1722 1121 1783 per
1149 1701 1229 1764 alios
1258 1701 1297 1764 da
1320 1700 1376 1765 do-

154 1807 293 1872 mesticis
324 1805 553 1889 Spartanorum
581 1806 676 1870 rebus
703 1807 820 1872 certior
848 1805 919 1871 fieri
946 1807 1091 1888 poterat?
1135 1806 1217 1871 Sane
1240 1806 1375 1890 quidem,

154 1934 227 1976 cum
250 1919 281 1977 et
301 1912 480 1976 accuratius
503 1933 556 1976 eas
573 1912 724 1994 depingat
746 1918 777 1976 et
793 1912 832 1978 de
847 1912 1035 1994 aequalibus
1057 1912 1216 1994 loquatur,
1239 1911 1375 1976 multum

154 2039 227 2081 cnm
249 2018 327 2100 ipsis
343 2017 513 2101 Spartiatis
534 2023 629 2082 antea
645 2018 760 2083 vixerit
779 2003 905 2083 necesse
921 2025 977 2093 est,
1000 2018 1130 2082 testium
1147 2018 1262 2100 quibus
1282 2016 1375 2081 fidem

158 2123 291 2188 haberet
313 2123 410 2204 longa
433 2125 475 2188 sit
497 2123 725 2189 consuetudine
747 2145 832 2200 usna,
855 2123 935 2188 alios
958 2145 1065 2189 eorum
1081 2144 1183 2188 mores
1206 2124 1274 2206 ipse
1291 2123 1377 2189 vide·

155 2231 208 2308 rit,
232 2230 271 2293 de
287 2229 360 2294 aliis
384 2228 524 2294 studiose
546 2230 747 2312 quaesiverit.
781 2230 891 2313 Neque
914 2229 1125 2294 dubitandum
1141 2229 1218 2312 quin
1242 2251 1279 2293 ea
1296 2250 1378 2313 quae

156 2336 198 2400 de
231 2356 265 2398 re
298 2335 430 2399 militari
459 2335 782 2400 Lacedaemoniorum
815 2335 921 2410 refert,
955 2357 1026 2399 cum
1054 2335 1184 2400 uberius
1219 2336 1378 2418 explicata

157 2442 223 2506 sint
259 2441 432 2524 eademque
469 2441 597 2524 cognitu
635 2438 838 2517 difficiliora,
875 2463 915 2505 ex
948 2461 1006 2505 sua
1043 2462 1148 2505 rerum
1184 2441 1379 2524 experientia

157 2548 295 2630 scriptor
318 2543 468 2623 hauserit,
491 2547 525 2611 id
541 2547 637 2630 qu0d3
660 2546 722 2610 nisi
745 2568 801 2630 per
823 2547 951 2628 longius
974 2547 1124 2630 temporis
1146 2549 1284 2630 spatium
1308 2567 1379 2610 eum

158 2655 243 2718 inter
271 2654 388 2717 milites
417 2653 559 2736 ipsisque
588 2654 621 2717 in
645 2653 757 2717 castris
781 2652 1012 2736 Spartanorum
1037 2660 1195 2743 uersatum
1225 2675 1293 2719 esse
1315 2660 1380 2717 sta·

159 2769 246 2835 tuas,
275 2761 392 2823 facturn
422 2780 489 2823 esse
517 2760 635 2842 nequit.
693 2760 736 2824 nt
767 2759 801 2823 in
835 2759 906 2842 ipsa
935 2761 1165 2842 Spartanorum
1199 2759 1279 2824 urbe
1309 2779 1380 2822 eum

160 2866 345 2948 priusquam
368 2865 554 2946 opusculum
583 2864 795 2930 conscriberet
824 2865 921 2931 fuisse
953 2886 1016 2928 non
1046 2871 1094 2929 est
1122 2886 1178 2928 cur
1207 2864 1380 2930 credamus.

161 2971 260 3035 Immo
284 2970 458 3035 sententiae
481 2970 573 3034 nobis
596 2977 767 3036 occurrunt
789 2971 875 3034 unde
897 2970 1093 3035 contrarium
1117 2991 1184 3034 esse
1206 2970 1271 3033 veri
1296 2969 1383 3033 simi·

161 3077 222 3141 lius
253 3083 470 3158 cognoscatur.
525 3075 669 3159 Namque
703 3077 761 3140 etsi
791 3074 1000 3150 Naumann0‚
1033 3076 1089 3158 qui
1121 3075 1293 3139 candidum
1320 3074 1384 3140 Xe-

163 3182 333 3265 nophontis
361 3183 427 3248 veri
451 3203 590 3247 amorem
612 3181 784 3265 praedicat,
808 3203 871 3246 non
903 3181 998 3263 plane
1020 3181 1191 3256 assentior,
1223 3203 1294 3245 cum
1317 3181 1384 3244 eius

163 3289 303 3352 animum
326 3288 367 3352 ab
390 3289 440 3352 ira
463 3295 495 3352 et
510 3287 615 3352 studio
638 3309 702 3353 non
717 3309 847 3370 prorsus
870 3287 1009 3350 alienum
1032 3286 1128 3352 fuisse
1151 3287 1230 3351 satis
1253 3293 1386 3361 constet,

163 3393 223 3458 hoc
244 3401 327 3460 certe
349 3394 506 3458 immerito
535 3394 611 3457 huic
633 3393 780 3476 scriptori
804 3393 922 3458 obicies
945 3391 1031 3475 quod
1053 3394 1196 3457 consulto
1220 3400 1253 3458 et
1276 3391 1385 3457 dedita

163 3521 261 3582 opera
283 3520 425 3582 unquam
454 3499 535 3564 falsa
557 3499 736 3566 tradiderit.
790 3499 857 3563 lam
879 3519 951 3564 vero
982 3499 1037 3563 ubi
1066 3497 1105 3563 de
1135 3497 1385 3562 adulescentium

164 3605 393 3688 Spartanorum
416 3605 571 3674 modestia
603 3606 739 3689 scriptor
761 3605 903 3688 loquitur
926 3604 1009 3669 1115
1034 3605 1147 3668 miram
1169 3604 1290 3686 profert
1315 3625 1385 3666 sen-

164 3712 313 3776 tentiam.
337 3707 466 3776 εκείνων
482 3709 556 3796 γοῦν
570 3734 698 3798 ηττονι
685 3698 799 3793 μὲνάν
821 3733 927 3798 φωνην
942 3697 1098 3786 ἀκούσαις
1120 3696 1219 3798 ητῶν
1239 3703 1386 3785 λιθίνων,
1460 3724 1468 3734 ·

163 3841 258 3936 ηττρν
289 3805 317 3882 δ’
353 3805 393 3880 ἀν
420 3805 551 3939 ὄμματα
585 3814 745 3942 στρέψαις
777 3803 797 3903 i)
830 3813 895 3879 τῶν
928 3812 1070 3896 χαλκῶν,
1106 3810 1389 3902 οιίὸημονεστέροις

166 3910 241 3986 6²²*
219 3947 259 3986 αν
282 3910 434 4001 αὐτοὺς
417 3914 554 4011 ηγίσαιο
576 3921 632 3987 καί
657 3911 760 3986 αἰτῶν
781 3919 846 3985 τῶν
870 3917 903 3985 ἐν
924 3924 994 3999 τοῖς
1016 3912 1183 4004 θαλάμοις
1201 3918 1387 4006 παρθένων.

256 4173 276 4239 ¹)
296 4171 379 4226 Addit
392 4171 564 4226 Naumannus
577 4171 605 4224 11
620 4171 682 4227 28
707 4170 770 4225 Va.
784 4171 808 4224 4.
823 4173 847 4226 6.
862 4172 885 4225 7.
899 4172 924 4224 9.
957 4167 1032 4222 Vl'a
1061 4166 1137 4222 lxs.
1167 4166 1276 4234 nula,
1295 4165 1391 4234 quibus

166 4259 230 4312 locis
249 4260 280 4313 de
299 4260 452 4329 aequalibus
471 4261 550 4314 verba
568 4259 624 4313 fieri
642 4259 683 4313 illi
702 4259 837 4312 assentior.

1184 4343 1229 4406 4*
