3236 4894
727 277 764 332 19

127 480 206 545 toris
222 482 325 546 ¹rerba
349 487 458 563 aperte
480 480 644 545 declarant
668 480 706 544 de
729 481 844 544 civium
867 479 920 561 agi
936 474 1119 564 πειθαρχίᾳ
1140 500 1236 562 quam
1251 478 1352 560 magi-

128 586 246 651 stratui
276 587 308 650 in
338 587 417 652 urbe
448 586 690 670 praestiterint·
721 587 816 651 Cadit
844 587 945 668 igitur
973 585 1156 649 Naumanni
1185 586 1352 660 sententia,

128 714 225 776 quam
248 693 377 756 minime
399 713 466 756 esse
488 691 687 776 probabilem
708 691 802 757 facile
825 693 921 758 etiam
944 691 1074 755 aliunde
1097 695 1238 773 apparet.
1269 689 1352 754 Nam

128 801 195 863 sive
228 798 329 862 alludi
363 798 467 864 verbis
504 786 585 883 ὅπερ
614 798 670 861 καὶ
702 796 866 885 γεγένηται
896 797 961 862 sive
995 817 1059 860 non
1084 789 1193 860 alludi
1227 797 1352 872 statuis,

128 904 241 986 quovis
275 911 369 986 pacto
404 925 520 968 vanum
552 904 633 968 foret
669 902 931 967 additamentum.
976 893 1119 966 Profecto
1150 901 1294 985 scriptor,
1325 902 1352 966 si

128 1009 188 1073 tali
219 1008 311 1073 modo
341 1009 438 1072 verba
467 1030 525 1072 sua
549 1007 761 1083 confirmaret,
790 1009 859 1091 ipse
881 1007 1113 1092 quodammodo
1138 1007 1293 1072 fateretur
1316 1029 1353 1072 ea

127 1137 211 1197 quae
234 1113 312 1179 alibi
336 1115 403 1178 sine
425 1115 486 1179 hac
509 1113 724 1180 affirmatione
747 1116 902 1198 proferret
921 1115 1025 1178 minus
1041 1134 1108 1176 esse
1124 1135 1206 1178 vera.
1243 1113 1353 1178 Alludi

127 1228 234 1285 autem
258 1221 297 1284 iis
321 1220 424 1284 verbis
446 1221 489 1284 ad
511 1221 642 1304 aliquod
665 1219 784 1285 iactum
806 1221 903 1303 paulo
927 1241 994 1284 esse
1016 1219 1082 1283 veri
1106 1218 1242 1313 similius
1266 1220 1354 1284 vide-

127 1334 226 1403 retur,
242 1327 269 1390 si
285 1327 419 1392 haberes
437 1315 518 1412 ὅπερ
533 1325 589 1390 καὶ
603 1324 804 1403 <νεωστὶ>
821 1323 984 1412 γεγένηται
996 1324 1045 1390 vel
1058 1325 1161 1389 simile
1178 1325 1274 1408 quid3
1298 1325 1354 1390 sed

127 1432 225 1496 etiarn
248 1433 294 1496 ita
317 1433 394 1496 sutis
418 1438 553 1496 restaret
577 1431 786 1496 difficultatis.
833 1432 914 1496 Nam
937 1453 1019 1514 quae
1040 1431 1235 1514 praecedunt
1256 1433 1353 1496 rerba

126 1559 201 1602 cum
224 1538 414 1618 generaliter
438 1539 502 1602 sint
526 1538 620 1614 dicta,
643 1559 734 1603 nemo
757 1538 884 1603 dubitat
900 1538 978 1620 quin
994 1538 1160 1619 praeclara
1176 1538 1255 1602 haec
1271 1559 1354 1620 quae

128 1644 334 1725 praedicatur
371 1643 485 1707 civium
512 1642 715 1708 oboedientia
746 1650 843 1725 atque
874 1643 1043 1725 disciplina
1075 1649 1105 1707 et
1134 1642 1354 1726 perduraverit

128 1768 231 1830 usque
254 1755 286 1810 et
308 1749 474 1811 etiamtum
503 1748 544 1812 ab
569 1749 715 1812 omnibns
732 1747 868 1813 ”cottidie
891 1749 1059 1812 observata
1082 1749 1132 1812 sit.
1180 1747 1247 1812 Iam
1277 1749 1354 1831 quid

128 1853 192 1917 sibi
223 1853 302 1917 velle
332 1853 473 1916 dicamus
495 1852 748 1917 additamentum
770 1842 867 1936 ‘quod
890 1853 985 1918 etiam
1008 1875 1110 1936 nuper
1132 1855 1251 1918 factum
1274 1842 1353 1918 est’?

130 1959 248 2022 Mirum
270 1979 401 2041 prorsus
424 1965 455 2024 et
478 1958 650 2023 absurdum
673 1959 806 2022 ridetur.
975 1957 977 1961 ’

219 2063 307 2140 Quae
337 2086 408 2128 cum
439 2065 486 2128 ita
513 2064 586 2140 sint,
615 2065 788 2146 perfectum
811 2060 974 2150 γεγένηται
998 2063 1122 2128 defendi
1152 2083 1216 2128 non
1239 2071 1353 2148 potest,

128 2169 239 2253 Neque
262 2170 472 2236 Schneiderus
484 2169 510 2254 1)
544 2171 636 2234 nobis
659 2170 827 2252 persuasit,
852 2170 906 2252 qui
929 2177 965 2234 ut
987 2168 1161 2252 perfectum
1184 2170 1266 2234 illud
1289 2193 1355 2236 ser-

129 2281 220 2339 varet
241 2282 316 2339 ante
341 2265 422 2360 ὅπερ
445 2277 595 2341 omissum
618 2297 685 2340 esse
709 2275 910 2340 enuntiatum
934 2275 1065 2358 aliquod
1089 2276 1267 2352 contendit3
1303 2277 1353 2341 cui

129 2380 257 2444 facilius
285 2382 493 2457 crederemus,
528 2383 554 2445 si
583 2382 685 2464 qualis
717 2381 782 2445 fere
814 2381 987 2446 desiderari
1010 2382 1168 2446 sententia
1190 2382 1351 2446 videretur

130 2487 186 2550 ille
208 2485 410 2569 prodidisset.
448 2486 559 2570 Neque
581 2509 654 2552 vero
671 2488 870 2570 assequimur
886 2487 998 2570 quidni
1014 2487 1193 2551 emendatio
1210 2483 1351 2572 γίγνεται

128 2593 158 2656 ei
181 2592 346 2675 placuerit.
391 2591 515 2656 Profert
538 2593 622 2656 enim
642 2593 735 2658 hacc:
767 2582 851 2657 tcuru
874 2593 912 2656 de
930 2613 969 2658 -re
991 2593 1151 2675 praesenti
1175 2613 1276 2657 sermo
1300 2593 1351 2667 sit,

128 2699 215 2782 quod
238 2703 399 2762 testantur
414 2698 510 2762 verba
533 2688 735 2782 ὑπέρχονται,
757 2689 994 2784 preyuiivovnor,
1020 2705 1108 2781 patet
1123 2698 1239 2762 rectius
1255 2697 1352 2762 fuisse

129 2800 288 2889 piperatum
323 2803 377 2868 sed
408 2812 628 2885 argumentum
652 2805 756 2887 ipsum
787 2826 849 2887 quo
872 2805 973 2869 utitur
996 2805 1132 2887 scriptor
1156 2804 1352 2869 demonstrat

129 2930 202 2972 eum
235 2911 411 2990 respexisse
444 2909 486 2972 ad
519 2911 667 2992 antiquos
701 2909 775 2974 illos
809 2910 984 2992 Spartanos
1013 2911 1158 2993 Lycurgo
1192 2911 1351 2993 aequales,

129 3035 211 3096 quos
242 3014 337 3077 etiam
359 3018 420 3095 §3
453 3004 527 3089 noi-g
550 3003 663 3091 αὐτούς
693 3003 856 3080 nominat'.
901 3014 1001 3079 Immo
1024 3020 1192 3080 contextus
1215 3015 1276 3081 loci
1300 3016 1352 3080 hic

128 3126 187 3183 est.
232 3119 373 3184 Primum
403 3119 540 3202 scriptor
570 3119 811 3201 diligentissime
840 3115 1013 3204 Spartanos
1045 3120 1169 3202 legibus
1192 3143 1229 3186 ac
1251 3123 1352 3204 magi-

130 3225 249 3288 stratui
280 3224 428 3289 oboedire
450 3225 624 3307 praedicat,
654 3226 686 3289 id
711 3227 796 3309 quod
819 3227 852 3291 in
875 3227 975 3310 ipsius
999 3233 1136 3292 aetatem
1159 3249 1223 3291 uon
1246 3229 1351 3292 minus

128 3351 228 3413 quam
258 3331 291 3393 in
322 3331 495 3413 praeterita
526 3331 630 3395 valere
658 3337 801 3415 tempora
827 3334 1028 3398 manifestum
1052 3340 1108 3400 est.
1154 3333 1276 3399 Deinde
1299 3356 1352 3399 ex-

127 3437 221 3518 ponit
252 3458 316 3518 qua
347 3437 471 3500 ratione
501 3436 664 3520 Lycurgus
695 3438 852 3521 egregiam
883 3437 965 3503 hanc
988 3439 1190 3523 disciplinam
1213 3437 1351 3504 effecisse

129 3542 283 3609 videatur.
328 3544 420 3607 Hunc
455 3543 540 3607 enim
573 3543 751 3619 arbitratur·
783 3545 867 3626 leges
901 3551 997 3628 atque
1025 3546 1174 3610 instituta
1203 3567 1260 3609 sua
1288 3566 1351 3608 non

130 3648 219 3728 prius
242 3648 405 3714 induxisse
430 3671 526 3732 quarn
548 3671 694 3732 proceres
710 3650 885 3733 Spartanos
908 3651 941 3713 in
965 3670 1038 3714 suas
1060 3659 1168 3734 partes
1192 3650 1350 3716 traxisset.

130 3753 217 3819 Haec
240 3776 316 3818 sane
339 3754 380 3819 ad
403 3755 556 3838 pristinos
580 3762 725 3838 spectant
741 3757 916 3838 Spartanos
933 3755 1076 3839 Lycurgo
1093 3757 1250 3839 aequales.
1271 3755 1352 3820 Turn

128 3881 203 3924 vero
238 3881 367 3924 causam
394 3860 485 3924 addit
508 3861 644 3944 scriptor
667 3885 721 3926 cur
744 3863 924 3946 Lycurgum
949 3861 1029 3926 illud
1053 3862 1162 3930 iecisse
1185 3861 1351 3926 existimet.

128 3965 308 4048 Optimates
332 3966 425 4042 enirn,
449 3966 495 4030 ait
518 3966 592 4043 lere,
616 3989 696 4050 quos
711 3968 744 4030 in
762 3967 875 4032 ceteris
890 3967 1024 4032 urbibus
1039 3968 1241 4049 magistratui
1258 3967 1352 4032 oboe-

126 4072 198 4135 dire
227 4071 334 4154 pudet,
372 4071 505 4154 Spartae
535 4093 654 4137 summo
685 4073 790 4138 studio
822 4069 1201 4156 civitati'obtemperant,
1227 4074 1300 4150 rati,
1324 4074 1351 4138 si

219 4303 239 4368 1)
257 4301 387 4356 Assentiri
407 4301 562 4355 Schneidcro
581 4301 732 4356 Dind01·fius
751 4302 862 4357 videtur.
