3236 4894
746 263 785 319 53

151 474 252 539 cutus,
265 469 290 551 ¹)
328 473 402 531 ante
435 473 554 531 annum
590 475 653 531 394
688 468 899 551 conscriptum
934 488 1001 530 esse
1034 465 1175 531 libellum
1206 465 1374 548 colligitur.

153 575 236 638 Nam
259 575 292 636 in
316 577 385 656 ipso
401 595 439 637 ex
457 574 533 638 Asia
545 573 650 638 reditu
666 581 722 638 aut
734 595 860 656 pugnae
875 573 917 637 nd
931 571 1104 636 Coroneam
1117 572 1220 637 factae
1232 580 1373 654 tempore

152 679 396 762 Xenophontem
426 680 468 743 ad
498 680 698 744 scribendum
728 681 806 743 satis
837 679 987 743 habuisse
1019 680 1077 742 otii
1106 679 1159 742 vix
1193 678 1372 743 credideris,

153 786 263 868 Neque
285 786 385 868 igitur
406 793 490 850 recte
513 787 689 869 Steinius2)
721 787 790 868 ipso
813 807 841 849 a.
866 794 929 850 ebt
959 786 1112 868 scriptum
1135 806 1202 849 esse
1231 785 1373 849 libellum

152 891 339 956 arbitratur.
379 891 440 968 Qui
464 893 558 955 simul
580 913 651 955 cum
672 891 862 955 Naumanno
886 898 971 955 errat
993 891 1078 973 quod
1103 890 1180 953 VIII
1199 898 1216 953 2
1234 891 1373 972 Agesilai

156 1019 195 1060 ex
219 997 297 1062 Asia
326 998 443 1061 reversi
465 997 698 1062 oboedientiam
720 994 895 1078 significari
915 999 1073 1080 opinatur.
1121 996 1196 1072 Sed,
1219 1005 1374 1079 quantum

153 1105 188 1172 in
211 1104 271 1167 hac
293 1105 328 1166 re
343 1101 466 1167 difficili
481 1125 657 1186 parumque
679 1111 766 1167 certa
788 1103 943 1186 suspicari
959 1104 1070 1186 possis,
1093 1109 1261 1185 conceptus
1277 1109 1373 1184 atque

152 1209 300 1273 conditus
324 1230 390 1272 esse
412 1210 655 1274 commentarius
678 1210 712 1272 iu
730 1210 805 1274 Asia
828 1210 952 1274 ridetur
974 1232 1044 1274 cum
1061 1209 1201 1290 Agesilai
1224 1209 1373 1273 aliorum-

152 1319 216 1398 que
238 1315 471 1398 Spartiatarum
493 1315 668 1380 cottidiana
692 1316 868 1398 Xenophon
892 1315 1118 1380 consuetudine
1140 1322 1290 1390 uteretur,
1314 1335 1371 1396 per

154 1423 282 1503 longum
307 1429 430 1504 tempus
453 1423 605 1486 castrensi
628 1421 947 1487 Lacedaemoniorum
977 1422 1060 1486 ritae
1082 1421 1263 1496 interesset,
1289 1421 1374 1483 mili-

152 1537 255 1592 tarem
290 1549 398 1592 eorum
433 1527 634 1610 disciplinam
670 1528 735 1591 suis
769 1528 869 1591 oculis
903 1528 1024 1593 rideret
1058 1527 1159 1610 deque
1193 1527 1372 1592 domesticis

152 1634 326 1699 eorundem
348 1633 505 1698 institutis
527 1656 564 1698 ac
580 1635 720 1699 moribus
742 1635 942 1716 permultum,
966 1643 1002 1698 nt
1023 1643 1282 1709 cousentaneum,
1313 1655 1370 1697 au-

152 1740 244 1804 diret.
300 1739 444 1822 Namque
474 1761 509 1804 eo
541 1747 681 1822 tempore
710 1762 772 1822 quo
803 1741 837 1802 in
867 1739 1001 1804 Graecia
1032 1760 1141 1802 omnes
1175 1739 1373 1803 adversarios

153 1846 343 1910 domuerant
365 1845 605 1910 Lacedaemonii
635 1853 730 1929 atquc
761 1851 952 1928 pacaverant
980 1844 1122 1927 adeoque
1152 1852 1244 1908 erant
1274 1844 1373 1908 validi

156 1959 192 2014 ut
214 1951 324 2014 Persas
347 1952 381 2014 in
403 1952 545 2034 ipsorum
564 1949 680 2015 finibus
704 1952 846 2033 aggressi
868 1951 1039 2015 identidem
1055 1950 1264 2024 deducerent,
1288 1971 1373 2014 sum-

154 2079 240 2120 mum
264 2057 382 2133 laudis,
412 2058 546 2138 gloriae,
575 2057 736 2139 potentiae
766 2056 890 2120 culmen
916 2056 1103 2121 obtinebant
1136 2078 1174 2121 ac
1202 2045 1373 2137 fastigium,

155 2169 190 2225 ut
213 2163 361 2226 facillime
384 2161 561 2246 Xenophon
590 2163 631 2226 ad
654 2163 853 2244 indagandas
883 2162 978 2227 huius
1000 2163 1248 2244 magnitudinis,
1277 2184 1373 2245 quam

154 2269 246 2333 valde
269 2269 497 2344 admiraretur,
526 2290 637 2333 causas
660 2278 765 2351 posset
788 2270 917 2352 impelli.
970 2269 1143 2333 Florebant
1173 2291 1249 2334 sane
1277 2276 1373 2351 atque

153 2375 403 2439 dominabantur
426 2375 669 2440 Lacedaemonii
692 2375 766 2438 inde
796 2397 816 2438 a
839 2376 921 2439 bello
944 2375 1210 2457 Peloponnesiaco
1239 2375 1373 2439 feliciter

152 2481 196 2545 ad
226 2481 320 2546 finem
348 2481 516 2564 perduct03
546 2481 600 2546 sed
629 2490 702 2546 ante
733 2481 873 2562 Agesilai
902 2482 935 2544 iu
963 2481 1072 2544 Asiam
1102 2480 1271 2545 adventum
1299 2503 1373 2545 con-

152 2588 306 2671 scriptum
329 2609 396 2652 esse
420 2588 607 2671 opusculum
628 2594 796 2670 propterea
819 2608 886 2650 esse
907 2586 1118 2668 improbabile
1139 2586 1264 2650 videtur
1287 2587 1372 2668 quod

152 2694 240 2757 illius
275 2693 400 2756 demum
433 2693 659 2757 consuetudine
696 2703 791 2775 atque
825 2675 974 2757 amicitia⁸
999 2693 1150 2756 familiari
1159 2695 1186 2776 3)
1224 2693 1372 2776 scriptori

153 2807 390 2864 consummatus
420 2808 572 2882 tanquam
604 2799 728 2863 videtur
758 2821 825 2864 esse
854 2799 908 2862 ille
941 2821 1062 2863 morum
1092 2807 1124 2862 et
1153 2798 1372 2862 institutorum
1397 2826 1401 2832 =

154 2905 384 2988 Spartanorum
408 2928 506 2981 amor,
529 2905 677 2988 quoiam
700 2927 739 2970 ex
755 2905 916 2970 Socratica
938 2905 1107 2988 disciplina
1129 2905 1269 2969 imbutus
1292 2913 1373 2969 erat.

245 3158 264 3221 ¹)
284 3153 325 3206 Cf.
344 3153 415 3207 Plut.
436 3154 514 3222 Ages.
535 3157 567 3209 18
586 3152 655 3224 ie'ya
675 3152 703 3206 δὲ
722 3147 774 3218 τῂν
791 3149 883 3220 μάχην
901 3153 966 3216 (scil.
984 3152 1019 3206 ad
1037 3152 1179 3206 Coroneam
1198 3153 1374 3218 commissam)

154 3233 170 3292 ὁ
190 3242 316 3311 Ξενοφῶν
335 3247 438 3307 ἐκείνην
457 3243 517 3293 οἵαν
536 3236 581 3293 οὖν
600 3237 682 3306 ἄλλην
700 3241 756 3292 τῶν
774 3238 883 3293 πώποτε
902 3241 1046 3311 yeremias·
1065 3246 1110 3291 καὶ
1128 3240 1220 3310 παρῆν
1241 3234 1319 3295 αὐτὸς
1336 3241 1375 3306 τῷ

150 3323 301 3400 Ἀγησιλάῳ
324 3327 571 3401 συναγωνιζόμενος
596 3328 625 3389 ἐξ
643 3324 733 3384 Ἀσίας
751 3327 924 3396 διαβεβηκώς,
957 3328 1020 3381 ibid.
1040 3331 1074 3384 20
1098 3328 1259 3398 Ξενοφῶντα
1279 3327 1309 3381 δὲ
1326 3323 1375 3379 τον

154 3413 240 3487 σοφὸν
263 3424 333 3487 ἑχονν
364 3419 429 3487 (scil.
454 3419 593 3486 Agesilaus
620 3419 646 3470 ln
674 3419 770 3485 patria)
794 3411 860 3485 μεθ’
885 3417 980 3468 innuo?
1008 3413 1228 3484 σπουδαζόμενον
1256 3415 1375 3467 ἐκέλευσε

153 3501 214 3561 τοὺς
236 3506 334 3562 παῖδας
358 3512 388 3558 ἐν
408 3506 594 3574 Λακεδαιμονι
617 3512 727 3576 τρέφειν
748 3503 997 3576 μεταπεμψάμενον
1020 3499 1055 3560 (ὃς
1081 3506 1292 3573 μαθησομένους
1319 3503 1375 3554 τῶν

151 3593 329 3664 μαθημάτων
347 3590 378 3648 τὸ
396 3593 539 3648 κάλλιστον
556 3617 578 3646 κ.
598 3617 621 3647 τ,
641 3593 662 3646 l..

243 3685 303 3750 Ἣ
331 3701 352 3737 ο.
371 3688 425 3751 p.9
444 3701 498 3752 sqq.

243 3776 263 3836 ³)
277 3773 316 3826 Cl.
328 3773 359 3827 Κ.
373 3773 412 3825 W.
422 3773 548 3840 Krurger.
569 3773 666 3826 Hister.
676 3771 766 3840 philol.
781 3771 888 3824 Studien
904 3770 931 3822 II
943 3787 966 3837 p.
978 3772 1028 3824 277
1043 3769 1092 3837 (De
1103 3768 1283 3836 Xenophontis
1296 3768 1374 3831 vital:

151 3853 221 3913 ‘cum
241 3860 379 3926 AgesiIaus
396 3861 425 3913 in
444 3861 533 3913 Asiam
553 3861 648 3914 missus
667 3863 742 3927 esset,
762 3860 840 3912 huius
859 3875 916 3912 aum
936 3859 1056 3910 comitem
1076 3857 1156 3910 fuisse
1176 3856 1280 3910 etiamsi
1298 3857 1374 3908 testi-

152 3949 240 4002 monia
259 3965 309 4002 non
319 3949 457 4016 probarent
471 3949 564 4016 [Anab.
578 3949 636 4015 Vss,
651 3953 674 4015 6,
689 3948 759 4001 Plnt.
772 3948 850 4016 Ages.
862 3951 903 4013 18,
917 3948 992 4013 Diog.
1007 3947 1034 3999 II
1054 3948 1106 4012 sl),
1126 3962 1155 3999 ex
1170 3945 1299 3998 similibus
1312 3944 1375 3998 locis

152 4037 243 4106 colligi
262 4042 357 4104 posset,
376 4038 457 4090 veluti
477 4038 558 4091 exiis
577 4038 672 4104 quibus
691 4036 722 4088 de
741 4037 846 4104 proeliis
870 4052 929 4088 oum
949 4034 1123 4103 Tissapherne
1143 4033 1330 4102 [Hellen.]2lll
1349 4036 1374 4098 4,

155 4129 188 4180 13
199 4142 254 4193 sqq.
266 4129 296 4180 21
310 4142 374 4193 sqq,
393 4125 424 4178 tle
440 4127 542 4193 Epheso
561 4123 679 4193 πολεμον
698 4129 868 4196 ἐρμιιοτηρνρ
890 4124 952 4179 ibid.
968 4127 983 4192 S
996 4127 1028 4180 16
1041 4139 1105 4190 sqq,
1129 4126 1205 4191 Ages.
1218 4126 1251 4176 25
1262 4139 1310 4189 sqq
1312 4162 1373 4176 .....

150 4218 178 4266 et
195 4214 325 4282 imprimis
344 4214 375 4267 de
397 4214 514 4282 Agesilai
543 4213 670 4281 colloquio
694 4230 751 4266 cum
774 4213 858 4282 Cotye
876 4211 1079 4281 Paphlagonum
1103 4227 1163 4280 rego
1182 4211 1220 4264 lv
1241 4214 1264 4278 1,
1283 4215 1299 4265 3
1319 4226 1375 4278 sqq.

149 4307 178 4355 et
196 4302 367 4356 Pharnabazo
385 4301 449 4358 ibid¹
469 4302 484 4368 ξ
504 4306 538 4358 30
557 4318 613 4370 sqq.
631 4295 758 4356 tradidit'
