3236 4894
855 265 894 322 36

258 473 358 555 igitur
380 478 453 555 post
475 472 615 560 ποιητέα
638 492 744 536 vocem
767 471 843 535 addi
865 471 1028 553 potuerint
1043 471 1123 534 talia
1139 478 1175 535 ut
1190 491 1361 553 pronomen
1379 467 1488 534 ταῦτα

261 579 394 644 haberet
416 600 477 661 quo
501 578 663 643 commode
685 576 854 643 referretur
877 597 940 640 non
963 577 1180 660 perspicimus

346 681 407 750 Sed
430 685 527 750 verba
550 673 632 748 ὥστε
656 673 736 769 ὁρῶν
757 680 858 746 ταῦτα
880 705 909 746 κ.
927 705 954 746 τ.
971 681 1000 745 λ.
1025 704 1092 746 eam
1109 683 1272 747 continent
1290 683 1481 748 sententiam

257 798 293 856 ut
327 791 366 856 ad
401 791 486 874 regis
519 789 672 855 mandata
705 790 864 873 pertinere
898 789 951 852 vix
984 789 1114 872 possint.
1160 789 1278 853 Verum
1310 790 1351 853 ad
1374 790 1480 872 ipsam

256 918 396 981 pugnam
431 897 606 979 respiciunt
640 901 679 972 et,
713 895 805 960 modo
837 894 966 959 verbum
996 884 1077 980 ὁρῶν
1107 901 1191 959 recte
1220 895 1406 978 perpendae,
1436 897 1481 961 iis

257 1002 461 1068 antecessisse
476 1002 623 1068 videntur
640 1023 721 1084 quae
744 1008 906 1084 aspectum
930 1001 1086 1084 quendam
1100 999 1303 1082 magnificum
1320 1023 1357 1066 ae
1373 1003 1482 1085 splen-

257 1109 367 1173 didum
404 1109 625 1175 describerent.
683 1108 793 1190 Neque
830 1108 1012 1172 dubitamus
1050 1107 1127 1189 quin
1160 1107 1241 1171 illud
1277 1108 1476 1173 enuntiatum

255 1215 442 1280 collocatum
465 1214 562 1279 fuerit
584 1214 668 1278 infra
689 1220 763 1297 post
785 1203 1035 1299 προαμορεόεται
1057 1216 1077 1293 ξ
1099 1220 1129 1288 8,
1162 1213 1217 1277 ubi
1233 1213 1366 1294 legimus
1387 1206 1479 1294 μάλα

255 1317 370 1384 δὲκαὶ
393 1312 469 1384 τάδε
493 1307 652 1408 ιδφέλιμα,
683 1309 727 1396 ὡς
750 1316 823 1402 ἐμοὶ
847 1319 945 1396 δοκεῖ,
971 1309 1189 1404 ἐμηχανήσατο
1213 1316 1404 1405 Λυκοῦργος
1428 1315 1479 1396 εἷς

253 1417 308 1490 τὸν
331 1424 364 1489 έν
387 1415 504 1502 ὅπλοις
526 1414 642 1511 άγιῦνα.
669 1414 744 1488 όταν
767 1416 826 1511 γάρ
842 1415 986 1510 δρώντων
1001 1412 1060 1512 ἤδη
1075 1421 1139 1488 τῶν
1154 1419 1321 1506 πολεμίων
1339 1421 1477 1512 χίμαιρα

254 1524 482 1620 σφαμιάζηται,
513 1519 619 1595 αόλεῖν
647 1554 681 1594 τε
711 1523 837 1624 πάντας
858 1522 932 1606 τοὺς
955 1521 1118 1616 παρόντας
1141 1518 1277 1616 αι’·λητὰς
1298 1523 1395 1612 νόμος
1417 1531 1473 1596 καί

251 1636 373 1725 μηδένα
396 1633 671 1720 Λακεδαιμονίων
707 1625 935 1724 άστεφάνιοτον
976 1627 1074 1699 εἶναι·
1121 1635 1176 1699 καὶ
1208 1626 1296 1699 ὅπλα
1324 1634 1361 1700 δέ
1389 1637 1473 1719 λαμ-

253 1737 436 1830 πρόνεσθαι
464 1735 725 1829 προαμορείεται.
773 1743 831 1808 His
862 1744 944 1806 enIm
974 1744 1001 1807 si
1033 1742 1128 1807 rerba
1159 1731 1241 1806 ιῖστε
1270 1732 1351 1828 δρῶν
1373 1741 1473 1808 ταῦτα

251 1874 281 1914 κ.
305 1875 333 1915 τ.
357 1850 385 1914 λ.
410 1850 574 1932 adiungas
606 1857 638 1914 et
664 1847 765 1913 ταῖτα
793 1871 854 1913 vox
883 1849 961 1933 quid
988 1848 1049 1912 sibi
1073 1849 1150 1912 velit
1172 1854 1203 1912 et
1224 1855 1292 1912 tota
1315 1851 1474 1914 sententia

252 1958 337 2022 clare
359 1957 563 2038 intellegitur.
1303 1965 1305 1971 ⁴

339 2062 387 2127 Ne
419 2063 501 2127 forte
534 2060 675 2125 offendas
710 2061 795 2143 quod
829 2060 963 2142 speciem
1001 2060 1167 2143 pulchram
1205 2066 1237 2124 et
1270 2060 1470 2143 splendorem

251 2168 389 2250 scriptor
417 2168 464 2231 ita
487 2168 582 2230 nimis
602 2165 736 2231 fortasse
758 2166 915 2241 aestimat,
950 2164 986 2230 cf.
1024 2166 1125 2230 Anab.
1150 2166 1164 2228 I
1190 2175 1217 2239 2,
1245 2175 1282 2231 18
1305 2156 1324 2254 ἡ
1345 2165 1382 2230 δὲ
1405 2162 1469 2232 Κί-

248 2273 347 2337 λισσα
372 2268 487 2336 ἰδοῦσα
514 2263 569 2359 τὴν
597 2263 810 2358 λαμπρότητα
837 2268 893 2334 καί
921 2262 977 2359 την
1013 2262 1104 2350 τάξιν
1140 2270 1196 2334 τοῦ
1233 2265 1471 2358 στρατείματος

250 2370 427 2461 ε’θαόμασε,
451 2379 483 2443 II
508 2386 536 2456 3,
561 2386 578 2442 3
610 2375 684 2442 ἐπεὶ
716 2375 752 2440 δὲ
780 2375 956 2464 κατέστησε
984 2367 1021 2441 τὸ
1051 2369 1231 2463 στράτευμα
1257 2368 1340 2442 ιῖστε
1362 2379 1471 2459 καλῶς

249 2480 331 2566 ἔχειν
365 2474 508 2571 δρᾶσθαι
542 2475 649 2570 πάντῃ
683 2475 835 2571 φάλαγγα
865 2475 995 2570 πυκνὴν,
1026 2481 1090 2547 τῶν
1120 2481 1156 2547 δὲ
1184 2471 1319 2547 άόπλαιν
1346 2484 1468 2572 μηδένα

247 2588 416 2678 καταφανῆ
427 2581 520 2670 εἶναι,
540 2582 672 2655 ἐκάλεσε
686 2580 760 2666 τοὺς
781 2577 935 2674 άγφέλους
949 2588 1004 2653 καὶ
1029 2578 1124 2666 αότός
1138 2612 1172 2653 τε
1188 2588 1337 2676 προῆλθε
1347 2584 1419 2666 τοῖς
1429 2614 1464 2653 τε

246 2685 483 2772 εόοπλοτάτσυς
506 2692 585 2776 έχιον
606 2694 662 2758 καί
684 2684 921 2771 εὐειδεστάτους
935 2693 999 2758 τῶν
1017 2685 1112 2759 αὑτοῦ
1132 2695 1344 2781 στρατιωτῶν,
1367 2696 1458 2778 HIpp.

246 2804 260 2867 I
276 2810 315 2866 ‘22
332 2791 414 2866 άλλδι
428 2793 491 2889 μὴν
506 2800 562 2864 καί
578 2797 635 2865 τοῦ
650 2798 757 2877 καλῶς
773 2822 806 2885 γε
823 2790 1025 2888 δπλισθῆναι
1036 2793 1111 2878 τοῖς
1123 2796 1251 2878 ῖππέας
1267 2797 1296 2867 οῖ
1311 2795 1464 2890 φίλαρχοι

245 2895 284 2972 dv
305 2931 364 2990 μοι
387 2904 520 2972 δοκοῦσι
540 2904 694 2992 μέγιστον
717 2897 956 2989 συλλαμβάνειν,
981 2902 1010 2970 εί
1032 2911 1203 2972 πεισθεῖεν
1227 2898 1277 2972 ὅτι
1293 2900 1378 2972 πολίΙ
1398 2905 1468 2972 ἐστι

245 3006 329 3099 πρὸς
349 3011 406 3101 τῆς
421 3005 549 3090 πόλειος
564 3000 765 3097 εὗδοξότερον
779 3009 818 3099 τῇ
832 3009 889 3099 τῆς
904 3009 1005 3100 φυλῆς
1018 3005 1224 3100 λαμπρότητι
1240 3011 1470 3102 κεκοσμῆσθαι

244 3107 263 3206 ἢ
278 3111 375 3201 μόνον
389 3117 428 3207 τῇ
446 3115 566 3183 ἑαυτῶν
582 3116 688 3206 στολῇ,
720 3119 963 3203 Cyrop.V14,1
979 3106 1145 3205 ἤστραπτε
1158 3118 1218 3202 μέν
1239 3118 1357 3206 χαλκῷ,
1375 3107 1470 3207 ἤνθει

245 3223 282 3289 δὲ
305 3221 466 3313 φοινικίσι
488 3223 583 3289 πάσα
605 3215 624 3312 ἦ
648 3217 792 3308 στρατιά,
839 3224 915 3288 ibid.
941 3224 1002 3290 VII
1028 3237 1054 3301 1,
1084 3234 1101 3287 2
1124 3217 1165 3289 τά
1189 3224 1225 3290 δὲ
1248 3218 1356 3312 Κόρου
1380 3216 1470 3290 ὅπλα

245 3321 357 3417 ὥσπερ
390 3322 574 3417 κάτοπτρον
609 3329 797 3413 ἐξέλαμπεν,
832 3331 948 3414 quibus
983 3332 1059 3396 Iocis
1094 3333 1210 3396 multos
1243 3332 1360 3398 addere
1383 3333 1468 3398 licet.

244 3438 387 3520 Denique
411 3438 482 3503 vide
503 3439 561 3520 Rp.
585 3437 658 3502 Lac.
681 3437 728 3501 XI
752 3445 781 3513 3,
802 3437 841 3501 de
864 3459 925 3520 quo
948 3438 1016 3502 loco
1038 3459 1135 3520 supra
1157 3438 1395 3521 disputavimus

454 3630 533 3696 XIII
558 3640 607 3696 10.

331 3743 406 3818 όταν
435 3777 469 3839 γε
489 3746 552 3840 μὴν
574 3745 687 3841 καιρὸς
708 3752 789 3842 δοκῇ
811 3746 894 3819 εἶναι
917 3747 1245 3841 στρατοπεδεύεσθαι,
1270 3747 1383 3820 τοίτου
1405 3754 1467 3839 μέν

240 3851 350 3946 κόριος
370 3851 521 3942 βασιλεὺς
544 3859 601 3924 καί
623 3857 680 3924 τοῦ
702 3856 807 3941 δεῖξαί
830 3883 864 3946 με
887 3849 973 3925 ὅπου
995 3861 1059 3924 δεῖ·
1093 3853 1132 3924 τὸ
1153 3859 1264 3944 μέντοι
1288 3857 1465 3948 πρεσβείας

240 3952 514 4046 άποπέμπεσθαι
538 3964 594 4030 καὶ
618 3962 732 4053 φιλίας
754 3963 810 4030 καί
833 3962 1002 4048 πολεμίας,
1026 3955 1112 4030 τοῦτ’
1134 3952 1174 4030 αδ
1195 3948 1365 4051 βασιλέως.

328 4070 501 4136 Turbatam
534 4093 602 4137 esse
636 4072 732 4136 buius
766 4073 827 4136 Ioci
858 4072 1091 4139 cohaerentiam
1124 4073 1198 4138 inde
1227 4074 1330 4156 primo
1353 4072 1464 4138 statim

240 4178 353 4241 obtutu
388 4177 587 4258 cognoscitur
622 4177 715 4260 quod,
749 4199 820 4241 cum
854 4179 955 4244 altera
989 4180 1166 4244 enuntiatio
1200 4179 1300 4262 priori
1330 4179 1463 4243 nonsit

237 4284 409 4359 contraria,
430 4279 542 4364 μέντοι
570 4282 600 4347 vi
624 4305 682 4348 sua
706 4283 893 4348 destitutum
916 4291 971 4348 est.
1016 4286 1130 4368 Itaque
1152 4283 1311 4350 Weiskius
1335 4291 1462 4350 senten-
