3236 4894
242 461 368 545 saepius
403 461 583 537 mutaverit,
621 460 654 524 id
689 461 774 544 quod
809 460 877 544 ipse
912 457 1097 524 Dindorfius
1139 457 1290 523 concedit.
1347 455 1463 522 Melius

243 568 394 633 Cobetus:
418 561 546 653 <πρὸς
565 558 625 652 γὰρ
641 557 747 654 ῥώμην
763 565 864 630 τεκαὶ
884 557 1024 647 τάχος>
1048 565 1097 629 vel
1120 558 1211 641 <είς
1237 554 1296 650 γὰρ
1318 554 1408 645 ἰσγίν
1427 585 1465 626 τε

242 673 299 738 ταί
321 666 460 758 τάχος>
483 665 540 762 τὴν
568 665 680 759 dodach
694 723 808 737 ......
833 664 974 760 ἡγήσατο
995 657 1014 758 ii
1036 694 1066 734 κ.
1085 695 1112 734 τ.
1126 670 1164 747 λ,
1190 671 1245 753 qui
1261 691 1385 734 omnem
1400 669 1462 734 loci

244 779 447 846 offensionem
479 781 526 845 ita
556 780 720 845 sustulisse
743 779 804 844 sibi
827 779 965 844 videtur.
1010 777 1071 842 Sed
1093 776 1209 842 residet
1233 775 1401 859 scrupulus
1423 775 1465 840 de

243 888 346 952 verbis
369 885 425 950 καί
448 881 495 963 εἰς
517 884 620 972 μῆκος
642 872 681 949 dv
704 873 912 965 αι’·ξοίνεσθαι,
938 907 1019 967 quae
1042 906 1117 948 num
1140 883 1219 947 satis
1241 889 1315 965 apte
1337 903 1407 947 eum
1423 883 1467 946 iis

244 1014 326 1077 quae
359 992 552 1076 praecedunt
587 992 821 1073 coniungantur
856 990 1050 1055 dubitamus.
1116 989 1197 1054 Nam
1233 988 1467 1071 comparativos

231 1097 374 1181 pitter,
414 1080 517 1185 ἧττον,
558 1088 773 1183 είχερέστερον
807 1119 877 1162 cum
913 1096 1047 1179 simplex
1082 1093 1120 1159 dd
1152 1096 1310 1178 particula
1345 1094 1466 1176 ubique

218 1235 223 1248 ·
251 1211 413 1289 sequatur,
436 1200 493 1268 ναί
514 1211 588 1269 ante
610 1194 829 1290 ὑγιεινοτέρας
850 1202 994 1267 additum
1017 1201 1182 1267 ostendere
1198 1200 1322 1264 videtur
1338 1206 1468 1266 senten·

247 1312 326 1375 tiam
342 1311 431 1375 illam
447 1311 551 1375 verbis
574 1307 630 1373 καί
646 1299 864 1395 ὑγιεινοτέρους
879 1296 908 1372 d'
925 1295 964 1371 dv
980 1300 1102 1392 διάγειν
1117 1306 1239 1371 finitam
1256 1327 1332 1372 esse.
1359 1305 1468 1382 Quare

247 1418 275 1481 si
298 1416 426 1500 quidem
449 1416 527 1480 haec
550 1416 659 1498 qualia
681 1415 802 1480 tradita
824 1415 1000 1497 accepimus
1031 1415 1127 1480 verba
1151 1413 1191 1478 ab
1215 1414 1284 1495 ipso
1307 1412 1462 1494 scriptore

244 1509 386 1606 profecta
415 1530 499 1599 sunt,
529 1523 625 1586 verba
656 1519 711 1585 καί
735 1516 781 1597 είς
802 1518 905 1608 μῆκος
927 1507 966 1582 tv
988 1507 1186 1598 αίτξιίνεσθαι
1213 1518 1369 1601 reliquiae
1399 1539 1469 1581 esse

249 1630 323 1693 novi
345 1628 509 1693 cuiusdam
532 1627 688 1692 enuntiati
712 1627 859 1691 videntur
876 1647 938 1708 quo
955 1626 994 1690 de
1009 1626 1144 1708 pulchra
1159 1632 1191 1688 et
1205 1645 1336 1706 procera
1353 1644 1463 1688 eorum

246 1735 306 1818 qui
331 1734 376 1798 sic
404 1735 615 1798 educarentur
643 1735 783 1816 corporis
813 1731 915 1796 forma
943 1731 1061 1796 dictum
1084 1731 1149 1812 sit„
1180 1729 1301 1795 Deinde
1333 1731 1378 1794 sic
1401 1730 1468 1793 fere

246 1841 295 1908 vel
318 1839 464 1905 similiter
487 1839 676 1923 processisse
700 1838 825 1903 videtur
846 1838 964 1902 oratio:
987 1835 1087 1914 <καί
1111 1827 1169 1922 γὰρ
1192 1819 1276 1921 πρὸς
1299 1826 1406 1922 ῥώμην
1428 1857 1464 1898 τε

247 1944 303 2011 καί
326 1937 465 2027 colpos>
488 1937 544 2032 τὴν
569 1936 682 2032 ῥαδινὰ
703 1968 732 2008 κ.
756 1967 784 2008 τ.
809 1944 838 2008 λ.

460 2086 492 2150 ΙΙ
518 2097 546 2155 9.

335 2192 392 2256 καί
415 2182 459 2269 τίς
482 2189 654 2269 πλείστους
672 2183 711 2279 dr}
729 2181 878 2277 ἁρπάσαι
897 2181 1007 2275 τνροίς
1026 2177 1105 2276 παρ’
1125 2176 1258 2275 Ὀρθίας
1277 2179 1375 2252 καλὸν
1395 2185 1472 2265 θείς

247 2297 424 2385 μαστιγοῦν
446 2289 576 2375 τοίντοος
596 2285 707 2374 ἷίλλοις
726 2295 872 2376 ἐπέταξε,
895 2294 989 2360 τοῦτο
1010 2287 1049 2383 di)
1068 2292 1211 2382 δηλῶσαι
1234 2292 1289 2359 καὶ
1310 2291 1343 2357 ἐν
1364 2285 1469 2380 τοί-τρι

249 2396 440 2490 βουλόμενος
464 2393 514 2468 ὅτι
545 2399 633 2468 ἔστιν
655 2391 761 2490 ὀλίγον
783 2395 892 2489 χρόνον
914 2390 1096 2489 ἀλγήσαντα
1123 2392 1225 2464 πολίν
1247 2392 1356 2485 χρόνον
1378 2388 1468 2464 eddo-

250 2509 405 2594 κιμοίντα
426 2498 669 2598 εὐφραίνεσθαι.
694 2507 844 2596 diplomat
868 2505 904 2572 δὲ
929 2504 961 2571 ἐν
984 2499 1086 2592 τοίτιγι
1110 2495 1160 2571 ὅτι
1183 2504 1238 2569 καί
1253 2495 1337 2570 ὅπου
1352 2498 1467 2587 τοίχοις

251 2618 300 2682 δεῖ
324 2607 340 2681 ὃ
355 2609 518 2700 βλακείαν
535 2609 687 2698 ἐλάχιστα
702 2614 761 2699 μὲν
777 2603 958 2703 ὠφελεῖται,
974 2613 1113 2677 πλεῖστα
1129 2611 1166 2677 δὲ
1190 2603 1367 2698 πράγματα
1385 2613 1470 2702 λαμ-

250 2715 350 2804 βάνει.
985 2705 989 2712 ’

339 2829 553 2912 Respicientes
576 2849 614 2893 ea
637 2849 719 2910 quae
738 2827 932 2910 praecedunt
954 2826 1095 2890 videmus
1125 2825 1163 2889 de
1186 2823 1280 2889 furtis
1303 2845 1370 2889 esse
1392 2844 1473 2907 pue-

250 2957 356 3000 rorum
373 2935 474 3018 deque
495 2955 597 3018 poena
620 2953 728 2998 eorum
752 2953 926 2997 sermonem
943 2933 998 3016 qui
1020 2918 1161 2996 furantes
1177 2929 1363 3013 deprehensi
1387 2930 1471 3006 sint;

251 3041 309 3106 hos
334 3041 419 3104 enim
441 3041 488 3105 ait
510 3040 661 3123 scriptor,
692 3046 728 3104 ut
752 3039 806 3122 qui
830 3060 896 3103 rem
917 3060 1008 3103 suam
1031 3038 1113 3102 male
1136 3037 1306 3119 gesserint,
1338 3036 1473 3100 multum

252 3147 414 3230 vapulare.
460 3145 581 3211 Deinde
604 3145 701 3230 igitur
723 3145 828 3228 pergit
851 3146 896 3209 sic
918 3145 998 3208 fere:
1031 3133 1148 3225 ‘Atque
1171 3165 1242 3207 curn
1259 3164 1353 3225 quarn
1371 3141 1474 3224 pluri-

251 3274 319 3316 rnos
342 3273 448 3317 caseos
473 3252 511 3317 de
528 3251 661 3316 Orthiae
683 3273 740 3316 ara
762 3272 874 3334 rapere
896 3250 990 3314 laude
1010 3249 1141 3331 dignum
1165 3249 1391 3332 proposuisset,
1413 3246 1474 3311 hos

251 3357 409 3450 flagellari
441 3359 482 3422 ab
506 3358 579 3422 aliis
602 3358 708 3434 iussit,
740 3363 777 3420 ut
800 3356 920 3421 scilicet
948 3355 1008 3420 hoc
1031 3356 1128 3419 etiam
1155 3354 1216 3418 hac
1244 3354 1277 3417 in
1301 3375 1336 3418 re
1367 3360 1473 3418 osten·

253 3464 350 3539 deret,
372 3461 442 3527 fieri
470 3469 622 3547 possent
650 3463 705 3546 qui
737 3463 832 3528 breve
854 3470 978 3549 tempus
1001 3461 1142 3525 dolorem
1171 3481 1283 3543 passus
1311 3466 1393 3524 esset
1416 3459 1473 3522 din

253 3569 366 3634 deinde
389 3569 491 3651 gloria
513 3569 694 3634 laetaretur.
733 3567 825 3632 Unde
847 3573 981 3651 apparet
1003 3567 1069 3631 illic
1085 3587 1211 3649 quoque
1231 3565 1287 3630 ubi
1311 3565 1475 3630 celeritate

254 3697 333 3759 opus
356 3676 399 3740 sit
426 3697 552 3759 segnem
575 3696 729 3758 quemque
751 3674 916 3738 minimum
943 3694 1055 3756 capere
1085 3672 1242 3748 utilitatis,
1267 3670 1471 3756 difficultates

254 3782 315 3846 sibi
337 3803 451 3865 parare
474 3769 647 3866 plurimas'
687 3780 749 3846 Sed
771 3773 849 3846 haec
877 3801 982 3844 rerum
1006 3778 1208 3844 cohaerentia
1236 3799 1330 3842 sensu
1359 3777 1475 3843 idoneo

255 3888 383 3952 omnino
406 3894 501 3954 earet.
540 3885 653 3953 Voluit
669 3887 752 3951 enim
767 3887 941 3970 Lycurgus,
964 3885 1058 3949 sicuti
1081 3884 1351 3968 exsuperioribus
1368 3883 1476 3949 verbis

254 3994 364 4070 elucet,
386 4000 423 4059 ut
445 3993 556 4078 quiin
580 3994 664 4058 furto
688 3992 874 4076 deprehensi
898 3997 1002 4058 essent
1024 3992 1113 4074 pueri
1136 3991 1234 4074 virgis
1258 3990 1472 4055 caederentur.

257 4100 375 4164 Contra
406 4099 558 4165 hocloco
589 4099 693 4165 dicere
716 4099 852 4182 scriptor
874 4097 1000 4162 videtur
1030 4118 1083 4162 eos
1111 4098 1166 4180 qui
1196 4119 1291 4179 quam
1321 4096 1477 4181 plurimos

255 4227 362 4271 caseos
391 4205 602 4289 surripuerint
630 4204 802 4287 flagellari,
836 4211 1005 4288 postquam
1034 4203 1102 4286 ipse
1134 4211 1239 4268 tamen
1268 4209 1363 4268 antea
1392 4201 1477 4266 dixit

257 4301 302 4387 ὠς
324 4307 497 4389 πλείστοις
526 4300 675 4396 ἁρπάσαι
698 4301 809 4396 τνροίς
838 4301 936 4374 καλὸν
959 4305 1042 4385 θείς.
1089 4308 1202 4373 Nonne
1230 4308 1308 4374 haec
1335 4309 1395 4373 sibi
1418 4307 1477 4372 ad-
