3236 4894
857 207 896 263 26

269 407 382 490 μένων,
407 415 443 473 ut
466 407 645 490 significare
667 410 811 476 videatur
834 411 958 495 eosqui
981 411 1015 475 in
1040 431 1147 494 pugna
1169 431 1233 474 non
1256 416 1346 490 terga
1361 413 1498 472 vertunt

270 514 325 579 sed
347 521 480 580 mortem
503 517 551 580 vel
582 516 757 599 periculum
785 519 890 599 potius
914 518 1025 583 mortis
1054 516 1179 583 fortiter
1202 513 1348 579 subeunt.
1402 511 1498 577 Haec

270 629 377 685 tamen
399 621 448 686 rel
471 621 584 685 similis
607 622 695 686 notio
718 643 820 706 neque
848 623 965 705 legitur
987 624 1021 687 in
1044 643 1082 686 ea
1105 643 1186 705 quae
1206 618 1369 705 praecedit
1391 639 1499 682 enun-

270 727 404 792 tiatione
427 749 529 810 neque
552 728 718 793 subaudiri
741 752 780 794 ex
803 751 840 794 ea
862 736 975 813 potest.
1023 726 1200 810 Superioris
1224 726 1309 791 enim
1332 724 1498 788 enuntiati

270 833 428 898 sententia
450 853 487 898 ea
510 839 557 898 est
579 841 616 897 ut
638 835 772 917 Spartae
794 835 929 918 pulchra
953 856 1037 900 mors
1067 833 1153 916 turpi
1176 832 1243 898 rita
1265 830 1497 913 optabilior

270 960 337 1004 esse
368 931 590 1026 (αἱρετώτερος
611 931 708 1024 εἶναι)
738 942 877 1018 dicatur3
908 950 943 1006 at
972 963 1007 1007 re
1034 962 1109 1006 vera
1139 940 1312 1022 Spartanos
1343 937 1495 1000 decoram

269 1051 403 1109 mortem
426 1047 508 1110 vitae
531 1046 760 1129 ignominiosae
791 1047 1001 1131 praeferre
1030 1043 1297 1133 (προαιρεῖσθαι)
1327 1043 1412 1106 ἰαίνει
1435 1041 1496 1106 de-

269 1173 355 1215 mum
387 1155 448 1233 §6
479 1152 639 1217 audimus:
674 1144 737 1238 έγιῖι
764 1151 824 1234 μέν
857 1145 897 1240 δὴ
925 1145 1074 1239 τοιαίκρς
1106 1155 1177 1228 τοῖς
1210 1152 1324 1226 κακοῖς
1356 1135 1496 1230 σἰτιμίας

271 1255 478 1344 ἐπικειμένης
507 1245 598 1322 addin
630 1250 789 1340 θαυμάζω
818 1250 856 1322 τὸ
884 1262 1120 1345 προαιρεῖσθαι
1150 1254 1217 1321 ἐκεῖ
1244 1246 1388 1319 θάνατον
1417 1241 1493 1317 ἀντὶ

268 1361 325 1427 τοῦ
348 1353 448 1440 οὕτως
469 1352 587 1446 ἀτίμου
609 1387 644 1428 τε
666 1361 723 1428 καὶ
747 1361 971 1430 ἐπονειδίστου
992 1360 1073 1447 βίον.
1111 1363 1208 1429 Vides
1231 1383 1326 1444 quam
1349 1361 1496 1444 postulet

268 1461 388 1533 τοίκων
410 1491 470 1534 vox
493 1471 654 1534 notionem
677 1491 715 1534 ex
738 1492 877 1553 eaquae
901 1470 1059 1535 antecedit
1082 1469 1239 1534 sententia
1261 1467 1401 1550 suppleri
1424 1488 1493 1530 non

268 1597 369 1659 posse.
415 1575 525 1659 Neque
553 1577 655 1658 magis
683 1576 730 1641 ita
753 1598 927 1660 pronomen
958 1567 1078 1639 τοίτων
1100 1575 1257 1659 explicare
1285 1574 1360 1638 licet
1389 1579 1425 1636 ut
1447 1573 1493 1637 ad

268 1683 365 1746 verba
388 1679 421 1744 έν
443 1679 481 1768 τῇ
504 1673 610 1759 πόλει,
632 1682 716 1747 unde
738 1683 820 1748 cives
851 1683 1001 1766 Spartani
1023 1681 1204 1757 audiantur,
1226 1680 1307 1744 illud
1323 1678 1493 1744 referatur.

267 1789 349 1853 Nam
378 1789 405 1852 si
433 1780 554 1852 τούτων
581 1789 756 1872 Spartanos
792 1790 826 1853 in
860 1790 1040 1855 universum
1070 1785 1278 1870 significaret,
1311 1785 1345 1848 hi
1380 1807 1492 1850 omnes

267 1895 391 1976 ignavis
419 1895 475 1978 qui
505 1895 612 1977 fugere
641 1896 766 1960 malunt
794 1897 878 1982 (τοῖς
901 1883 1083 1980 ἀποχωρεῖν
1105 1887 1319 1978 αἱρουμένοις)
1349 1912 1493 1974 oppone·

265 2007 386 2076 rentur,
415 2001 462 2065 ita
493 2007 529 2064 ut
561 2001 603 2066 ad
626 2023 723 2065 unum
747 2022 853 2066 omnes
877 2001 1027 2084 Spartani
1055 2000 1129 2065 forti
1158 2019 1225 2064 esse
1254 1998 1360 2062 animo
1390 2005 1492 2080 atque

266 2113 400 2171 mortem
423 2106 518 2188 fugae
540 2113 732 2190 anteponere
754 2107 944 2171 viderentur.
991 2107 1034 2171 At
1055 2106 1115 2171 hoc
1142 2105 1327 2188 scriptorem
1350 2103 1490 2169 voluisse

266 2233 330 2276 non
353 2219 401 2276 est
416 2213 575 2288 credibile,
599 2235 669 2277 curn
686 2214 782 2296 paulo
798 2220 871 2295 post
886 2213 1003 2278 diserte
1025 2213 1064 2277 de
1082 2211 1193 2295 poenis
1216 2217 1354 2293 exponat
1370 2210 1489 2292 quibus

266 2318 375 2401 ignavi
399 2318 530 2401 Spartae
546 2318 728 2384 afficiantur
752 2320 805 2404 (oi.
828 2319 983 2403 imprimis
1006 2322 1078 2400 ᾆδε
1101 2307 1262 2393 πολλάκις
1284 2304 1313 2380 d'
1338 2305 1355 2379 d
1378 2314 1483 2380 rotoi-

265 2447 321 2502 τος
345 2425 425 2510 [scil.
450 2414 467 2487 d
491 2417 604 2510 κακὸς]
634 2425 691 2490 καί
720 2424 949 2511 διαιρουμένων
978 2417 1053 2502 τοὺς
1074 2412 1377 2512 οἷντισιμαιριοῦντας
1398 2410 1481 2503 cipid-

265 2551 375 2616 ριστος
397 2527 625 2618 περιγίγνεται,
650 2531 707 2595 καὶ
731 2529 764 2594 ἕν
785 2535 893 2617 χοροῖς
915 2521 944 2596 d'
968 2523 1095 2608 εἰςτὰς
1118 2525 1359 2605 έπονειιῖίστους
1378 2520 1483 2610 χώρας

265 2624 478 2702 ιίπελαίνεται
510 2659 539 2700 κ.
564 2661 592 2700 τ.
616 2637 670 2721 a),
698 2638 782 2703 unde
819 2637 1009 2720 perspicitur
1045 2644 1076 2702 et
1104 2636 1235 2719 ignavos
1270 2635 1367 2702 fuisse
1396 2634 1476 2697 inter

265 2742 438 2826 Spartanos
461 2764 564 2827 neque
587 2744 772 2826 scriptorem
794 2743 854 2808 hoc
876 2743 1047 2825 negavisse.

355 2847 512 2926 Quoniam
540 2850 640 2932 igitur
663 2841 783 2913 coirrrov
805 2869 978 2933 pronomen
1007 2871 1070 2913 non
1101 2849 1199 2913 habet
1227 2869 1288 2930 quo
1318 2847 1485 2921 referatur,

265 2956 343 3019 satis
378 2976 445 3020 esse
480 2977 594 3021 causae
628 2956 752 3020 videtur
785 2977 841 3021 cur
872 2956 974 3021 locum
1004 2955 1081 3021 vitio
1112 2955 1259 3020 laborare
1293 2974 1481 3020 censeamus.

265 3060 365 3139 Quem
394 3061 486 3125 nobis
516 3061 602 3127 haud
636 3063 683 3126 ita
711 3063 850 3127 violenta
880 3062 1004 3128 ratione
1033 3063 1200 3128 restituere
1227 3060 1378 3135 videmur,
1413 3081 1484 3123 cunr

264 3173 339 3232 ante
372 3158 492 3230 τοίτων
513 3168 667 3233 excidisse
687 3168 856 3234 articulum
885 3167 949 3232 τῶν
971 3174 1002 3233 et
1029 3170 1134 3251 ipsum
1162 3158 1282 3232 τοίτων
1310 3167 1343 3231 in
1371 3163 1489 3230 τοῦτον

264 3272 452 3337 mutandum
476 3295 542 3338 esse
566 3275 788 3360 statuimus.1)
826 3275 909 3339 Nam
930 3275 977 3338 ita
995 3272 1117 3353 τοῦτον,
1142 3275 1227 3356 quod
1250 3273 1371 3356 pariter
1386 3280 1487 3354 atque

263 3377 439 3444 infinitivus
463 3366 645 3463 ἀποχωρεῖν
667 3402 684 3445 e
708 3380 802 3446 verbo
819 3375 1015 3467 αἱρουμένων
1036 3379 1163 3463 pendet,
1186 3384 1308 3462 spectat
1329 3379 1371 3444 ad
1390 3399 1486 3461 supe-

264 3485 331 3549 rius
353 3476 409 3549 τὸν
431 3476 529 3548 καλὸν
551 3477 704 3565 θάνατον,
736 3507 798 3569 quo
822 3486 859 3551 fit
881 3492 917 3551 ut
939 3487 1038 3551 totius
1061 3487 1121 3550 loci
1145 3485 1223 3550 haec
1245 3484 1288 3550 sit
1308 3485 1482 3550 sententia:

263 3591 475 3656 admiratione
507 3591 605 3674 digna
633 3592 712 3658 haec
743 3614 870 3675 quoque
892 3593 1028 3676 Lycurgi
1059 3600 1107 3656 est
1128 3592 1211 3656 ratio
1234 3613 1298 3674 qua
1322 3590 1425 3657 effecit
1447 3597 1486 3654 ut

262 3697 296 3761 in
325 3698 452 3762 civitate
482 3699 647 3780 praeclara
677 3719 761 3763 mors
791 3700 857 3764 vita
879 3700 965 3781 turpi
988 3698 1161 3782 optabilior
1184 3705 1279 3774 esset;
1315 3697 1431 3762 etenim
1453 3697 1482 3760 si

264 3803 335 3884 quis
358 3825 424 3868 rem
447 3803 702 3881 consideraverit,
724 3806 862 3870 inveniet
882 3806 1046 3888 pauciores
1069 3805 1181 3869 cadere
1204 3825 1310 3869 eorum
1328 3804 1383 3886 qui
1400 3803 1485 3867 hanc

353 4050 372 4118 1)
392 4049 503 4104 Omnino
523 4051 592 4104 huno
610 4051 693 4104 locum
713 4052 781 4105 male
799 4069 854 4106 esse
871 4052 999 4106 traditum
1018 4053 1144 4118 videmus,
1163 4069 1221 4106 cum
1240 4070 1306 4122 quae
1326 4055 1386 4107 ante
1404 4052 1486 4105 verba

262 4137 317 4188 τῶν
335 4142 363 4188 ἐκ
381 4137 428 4189 τοῦ
452 4138 550 4203 legitur
572 4139 702 4207 particula
727 4135 743 4205 ἦ
766 4140 792 4192 in
820 4141 977 4194 membranis
1004 4141 1085 4204 desim
1105 4136 1122 4207 ἠ
1141 4140 1288 4194 addendum
1308 4157 1362 4194 osse
1381 4141 1482 4209 primus

261 4225 427 4278 Heindorfius
449 4226 523 4294 vidit,
542 4244 617 4296 quern
638 4245 726 4281 omnes
745 4227 856 4282 editores
875 4231 957 4282 secuti
976 4233 1045 4283 sunt.
